1846 3308
751 274 820 282 ....
896 253 990 305 136
1063 272 1128 284 ...-

247 391 399 435 Nunc
432 386 520 433 ille
554 387 710 445 hanc,
754 400 894 432 nuno
928 384 1053 432 alter
1087 382 1262 431 habet:
1308 382 1410 430 iam
1444 382 1644 446 respicit

1084 473 1147 520 ad
1179 489 1291 530 nos,

318 571 465 616 Fessa
501 578 821 614 cruentamus
857 564 1044 613 viscera
1082 563 1170 627 qui
1204 563 1410 626 gemitu.

250 661 380 705 Mox
414 657 540 704 alios
577 672 684 704 sors
720 655 816 703 ista
851 665 1035 702 manet.
1073 654 1248 701 durate
1282 652 1492 702 ferendo

316 753 511 796 Interea
546 758 595 794 et
626 747 769 793 luctu
804 744 989 808 parcite
1022 736 1261 792 femineo.

250 919 375 961 (Gi-ot.
391 924 458 955 515,
485 921 530 954 24.
553 923 587 947 et
607 923 682 947 not.
698 916 765 951 563.
793 915 943 946 Brunck
963 916 1065 946 Anal.
1088 917 1124 948 Τ.
1148 917 1175 946 1.
1207 925 1241 955 p.
1257 918 1305 953 4ο.
1330 915 1450 954 ftagm.
1474 923 1500 944 ι.
1528 914 1652 945 Iacob*

751 966 828 995 Vol.
850 966 876 995 1.
901 966 937 994 Ρ.
959 966 986 994 Ι.
1007 974 1039 1003 p.
1062 965 1151 1003 147.)
1657 974 1662 979 ·

354 1025 567 1065 Stobaeus
603 1026 801 1065 Sermon.
833 1025 966 1065 CXX.
1015 1038 1058 1076 p.
1091 1024 1179 1069 615.
1224 1024 1527 1079 Fragmentum
1572 1022 1652 1063 hoc

253 1115 351 1140 cum
393 1101 491 1137 viris
529 1097 782 1138 doctissimis
818 1096 1086 1138 Schneider-o
1123 1106 1166 1135 et
1191 1096 1343 1136 Iacobs
1379 1100 1555 1149 proprie
1595 1096 1651 1135 de

252 1180 511 1224 tempestate
550 1180 593 1210 et
628 1171 857 1224 naufragio
897 1172 1042 1222 potius
1087 1169 1421 1223 intelligendum
1465 1169 1652 1217 videtur,

254 1259 343 1299 quo
383 1247 587 1282 nimirum
628 1246 804 1284 maritus
844 1245 1002 1282 sororis
1038 1251 1221 1294 poetae,
1280 1251 1323 1281 et
1357 1242 1470 1281 forte
1505 1241 1652 1294 plures

255 1321 418 1371 egregii
448 1319 558 1356 cives
588 1330 684 1355 cum
713 1330 766 1355 eo
794 1319 842 1355 in
867 1319 975 1355 mari
1000 1317 1245 1368 perierant,
1291 1316 1353 1353 ita
1378 1324 1427 1353 ut
1453 1317 1655 1354 universa

255 1378 398 1430 civitas
429 1403 479 1428 ea
508 1388 562 1427 de
592 1402 721 1427 causa
747 1391 795 1427 in
820 1389 943 1428 luctu
967 1397 1224 1428 versaretur.
1277 1387 1388 1426 Nam
1425 1385 1655 1439 epitheton

252 1471 380 1508 maris
408 1460 773 1517 πολυφλοίσβοιο
799 1470 868 1506 vix
894 1465 949 1505 ad
976 1477 1149 1505 sensum
1175 1464 1430 1505 translatum
1459 1467 1558 1503 satis
1587 1477 1656 1503 ac-

257 1540 582 1581 commodatum
610 1550 688 1588 est,
725 1553 873 1593 neque
902 1538 955 1578 ab
978 1539 1190 1585 Homero,
1226 1551 1251 1575 a
1269 1548 1366 1589 ‘quo
1396 1536 1657 1585 desumtum,

256 1627 454 1666 unquam
482 1613 605 1652 aliter
632 1626 682 1651 ac
707 1615 885 1665 proprie
911 1620 1179 1663 usurpatum.
1221 1610 1425 1650 Ceterum
1444 1607 1526 1648 hac
1550 1612 1659 1648 ima·

256 1691 358 1741 gine
389 1701 411 1725 a
438 1688 570 1730 mari,
601 1695 856 1737 tempestate
885 1694 927 1725 et
952 1682 1153 1725 fluctibus
1182 1685 1319 1736 petita
1346 1695 1528 1735 saepea
1549 1694 1658 1733 poe-

257 1763 310 1800 tis
349 1759 635 1798 calamitatem
671 1761 800 1798 etiam
836 1756 1126 1809 adversosque
1159 1757 1363 1795 fortunae
1400 1766 1519 1792 casus
1555 1755 1660 1793 vivi·

257 1833 353 1873 dius
378 1835 593 1885 proponi,
624 1830 818 1884 exempla
844 1830 1031 1883 plurima
1057 1828 1310 1870 ostendunt.
1358 1828 1429 1867 Sic
1454 1825 1657 1881 Aeschyl-

259 1908 479 1949 Prometh.
498 1915 589 1962 752,
617 1907 696 1948 ubi
718 1907 818 1947 vide
844 1917 937 1947 not.
960 1907 1024 1948 Cl.
1048 1905 1249 1949 Schiitzii.
1274 1900 1402 1944 Ὲπτ.
1434 1898 1467 1946 ἐ.
1489 1900 1542 1943 Θ.
1568 1903 1656 1956 760.

259 1983 376 2023 Pers.
396 1989 484 2035 598.
515 1992 559 2022 et
584 1984 644 2021 sic
672 1980 792 2034 apud
819 1981 940 2022 alios.

359 2071 413 2111 V.
438 2086 471 2111 1.
517 2065 700 2123 Ιίἡδεα
738 2063 838 2123 μὲν
876 2064 1158 2118 ςονόεντα.
1218 2066 1286 2107 Ab
1319 2066 1514 2106 Homero
1548 2065 1660 2116 peti-

260 2157 354 2188 tum
383 2149 535 2203 Odyss·
558 2162 583 2187 ι.
611 2164 650 2188 ν.
675 2163 733 2188 12.

319 2222 403 2264 Σοὶ
438 2221 471 2263 δ’
502 2221 588 2278 ἐμὰ
616 2221 784 2279 κήδεα
826 2220 974 2278 θυμὸν
1004 2217 1272 2279 ἐπετράπετο
1306 2216 1580 2270 ςονὸεντα

318 2297 531 2358 Εἴρεσθαι
548 2333 558 2353 ,

264 2396 379 2436 quae
405 2382 454 2421 ΙΙ.
484 2393 526 2419 α.
556 2391 592 2420 ν.
619 2384 710 2433 445.
737 2374 963 2429 πολύςουα
989 2387 1116 2419 vocat
1124 2405 1138 2426 ,
1169 2390 1288 2416 curas
1314 2375 1384 2415 vel
1416 2386 1660 2422 aerumnas,

265 2457 378 2508 quae
405 2455 541 2495 multa
568 2454 736 2494 homini
762 2455 942 2506 suspiria
955 2480 969 2502 ,
1008 2453 1190 2506 gemitus
1221 2453 1485 2502 exprimunt:

314 2526 393 2578 Ὃς
421 2527 496 2573 νῦν
526 2527 832 2585 ’Δργεὶοισι
871 2522 1162 2578 πολύςονα
1205 2521 1346 2578 κήδε’
1389 2520 1571 2577 ἐφῆκεν.

364 2604 693 2663 Περίκλεες.
743 2607 954 2655 Pericles,
991 2619 1121 2659 quem
1147 2614 1279 2657 poeta
1307 2603 1377 2643 hic
1403 2613 1452 2643 ut
1480 2605 1665 2642 amicum

267 2685 529 2738 alloquitur,
579 2683 696 2725 idern
721 2681 892 2721 videtur
920 2693 1038 2726 esse,
1084 2692 1215 2731 quem
1241 2687 1416 2730 postea,
1466 2678 1664 2715 inimicus

266 2760 306 2799 ei
328 2758 490 2810 factus,
530 2754 791 2801 carminibus
821 2756 905 2796 suis
924 2761 1176 2809 persecutus
1197 2760 1274 2792 est.
1316 2749 1441 2801 (vid.
1477 2749 1529 2790 fr.
1553 2747 1663 2801 119.)
