1846 3308
799 268 1169 317 „138—

287 397 362 438 sal.
402 399 540 451 epigr.
572 404 636 444 32.
674 397 725 436 T.
754 397 806 438 II.
839 396 967 437 Anal.
1003 393 1289 450 Μεμφομὲνη
1324 395 1483 453 βορέην
1513 395 1676 442 ἐπεπω·

285 471 437 529 τὼμην
468 469 573 528 ὑπὲρ
605 466 763 527 ἅλμης.
791 474 1001 527 Antiphil.
1022 475 1130 516 ibid.
1157 477 1208 515 T.
1226 477 1259 516 I.
1288 490 1334 529 p.
1353 478 1437 529 176.
1458 482 1591 534 epigr.
1612 481 1674 520 26.

284 550 376 606 Τὴν
415 547 634 605 πελάγευς
673 546 829 591 ἐλπίδα
868 548 1178 606 μεμφόμενος,
1217 553 1295 593 ubi
1331 554 1483 595 Iacobs
1519 551 1677 596 ἐλπίδα

281 636 591 685 interpretatur
612 645 691 685 per
722 631 859 680 mala,
895 645 1008 684 quae
1038 630 1092 670 ab
1126 631 1254 671 undis
1282 642 1324 672 et
1349 634 1674 685 tempestatibus

281 714 381 750 navi
410 708 603 749 timenda
633 719 780 758 erant,
816 708 981 748 scilicet
1001 709 1299 764 naufragium,
1337 713 1365 749 i.
1388 724 1425 749 e.
1454 706 1514 750 τὰ
1543 706 1676 763 κήδεα

282 783 486 836 ςονόεντα
513 785 775 826 Archilochi.
827 787 897 825 Sic
919 770 962 826 et
981 789 1028 826 in
1051 786 1134 827 alio
1155 791 1289 842 epigr.
1308 788 1486 828 Lucilii:
1523 785 1675 841 Κωφὰ

278 862 397 905 θεῶν
428 859 588 903 ἀδίκων
619 855 763 903 ossa-ra
792 858 1090 916 μεμφόμενος.
1411 858 1413 860 ’

384 963 605 1021 Θαλίης.
680 969 847 1022 Epulae
884 973 1115 1023 opiparae,
1165 983 1270 1023 quas
1298 972 1514 1014 Homerus
1542 969 1672 1013 δαῖτα

279 1040 468 1087 θάλειαν
494 1048 543 1087 Il.
573 1060 612 1097 η.
638 1051 727 1100 475.
764 1058 913 1097 vocat,
949 1047 1069 1087 unde
1106 1047 1294 1089 fortassis
1330 1048 1438 1089 haec
1471 1053 1565 1103 ipsa
1590 1065 1673 1091 vox

281 1129 540 1178 derivanda,
584 1138 628 1167 et
668 1142 772 1181 quas
798 1125 1107 1179 Aristophanes
1146 1129 1250 1168 dicit
1283 1142 1375 1169 esse
1409 1129 1679 1186 beatiorum,

281 1208 487 1247 ditiorum
514 1206 584 1246 vel
620 1219 822 1258 superum
863 1200 1010 1260 Εἰρήν.
1043 1213 1137 1259 780.
1195 1201 1421 1245 Κλείουσα
1458 1204 1575 1254 θεῶν
1621 1219 1671 1246 τε

277 1281 446 1337 ’γάμους
474 1279 662 1336 Ἀνδρῶν
698 1295 747 1321 τε
780 1277 930 1330 δαῖτας
966 1281 1040 1324 καὶ
1078 1278 1241 1333 θαλίας
1270 1278 1495 1338 μακάρων.
1538 1281 1668 1321 Hom.

279 1364 363 1403 Od.
386 1358 431 1400 λ.
457 1363 545 1402 601.
572 1362 627 1401 de
651 1360 862 1400 Hercule:
891 1354 1032 1411 Δῦτὸς
1052 1360 1097 1403 δὲ
1120 1359 1216 1415 μετ’
1240 1354 1503 1402 ἀθανάτοισι
1525 1359 1669 1402 θεοῖσι

277 1436 497 1489 Τέρπεται
535 1434 577 1478 ἐν
615 1434 787 1491 θαλίης.
833 1436 980 1490 Eurip.
1018 1439 1137 1478 Med.
1169 1451 1252 1492 192.
1289 1433 1459 1488 Οἵτινες
1507 1433 1670 1493 ὕμνους

277 1514 346 1559 ἐπὶ
393 1514 472 1571 μὲν
518 1511 698 1562 θαλίαις
754 1510 855 1554 Ἐπί
899 1509 939 1554 τ’
987 1510 1228 1566 εἰλαπίναις
1283 1512 1357 1556 καὶ
1414 1513 1536 1572 παρὰ
1589 1513 1669 1557 δεί-

274 1609 393 1645 πνοις
415 1590 629 1649 Εὕρονπο.
656 1596 770 1643 Hinc
789 1587 948 1632 θαλίαι
967 1594 1132 1647 ubique
1153 1609 1250 1649 pars
1270 1598 1383 1636 vitae
1402 1595 1602 1636 beatioris
1624 1605 1668 1636 et

274 1674 537 1714 iucundioris
556 1682 669 1712 sunt.
692 1663 1006 1724 Hesiod.''EQy.
1024 1686 1062 1711 v.
1082 1678 1165 1718 115.
1185 1668 1398 1724 Τὲρποντ’
1419 1668 1461 1711 ἐν
1481 1666 1666 1723 θαλίησι

273 1748 424 1791 κακῶν
456 1745 668 1792 ἔκτοσθεν
698 1745 920 1789 ἁπάντων.
956 1748 1177 1802 Theognis
1197 1756 1285 1802 755.
1302 1746 1572 1804 Τερπόμενοι
1604 1762 1666 1788 m·

270 1825 388 1881 θάρη
412 1823 485 1867 καὶ
500 1824 634 1882 ἐρατῇ
657 1822 810 1879 θαλίη.
849 1827 1037 1868 Choeril.
1059 1831 1192 1882 epigr.
1212 1831 1259 1867 in
1272 1829 1508 1881 Sardanap.
1524 1828 1664 1868 Strab.

270 1909 318 1947 L.
337 1908 452 1947 XIV.
471 1908 559 1959 672.
588 1901 682 1945 Σὸν
713 1901 859 1959 θυμὸν
891 1896 994 1953 ἄεξε
1012 1901 1285 1959 Τερπόμενος
1314 1901 1514 1958 θαλίησι.
1565 1907 1664 1959 Ipse

270 1982 553 2023 Archilochus
583 1985 697 2025 infra
731 1986 881 2039 fragm.
912 1991 974 2033 53.
1002 1978 1234 2036 τερπωλὰς
1262 1980 1336 2022 καὶ
1367 1979 1533 2031 θαλίας
1561 1979 1662 2035 ἐφέ-

269 2072 377 2100 πων.
428 2061 547 2100 Dum
563 2065 695 2116 igitur
721 2072 849 2114 poeta
876 2063 956 2100 ait:
995 2050 1094 2100 οὐδὲ
1123 2074 1188 2108 τις
1217 2057 1332 2111 ὄις-ὤν
1362 2057 1542 2108 θαλίαις
1569 2056 1661 2115 τέρ-

268 2136 434 2190 ψεται,
461 2141 646 2191 privatas
667 2142 989 2179 comissationes
1009 2150 1052 2179 et
1074 2143 1268 2180 convivia
1289 2140 1516 2194 intelligit,
1546 2152 1661 2192 quae

268 2218 453 2268 quisque
480 2215 561 2254 sibi
591 2218 766 2267 suisque
799 2216 1068 2265 celebrabat,
1112 2217 1231 2257 velut
1268 2220 1315 2256 in
1353 2219 1541 2269 nuptiis,
1587 2217 1660 2257 die

264 2291 401 2332 natali
425 2301 499 2330 aut
518 2292 609 2331 aliis
630 2293 745 2332 festis
767 2293 1107 2346 solennibusque
1128 2294 1303 2334 diebus:
1331 2288 1460 2341 πόλις
1487 2283 1537 2332 οὗ
1565 2289 1659 2348 τέρ-

266 2366 407 2422 ψεται
431 2361 606 2420 θαλίης,
634 2370 781 2421 epulas
800 2371 996 2423 publicas
1019 2372 1238 2425 intelligit,
1268 2386 1380 2425 quae
1397 2382 1491 2424 post
1511 2372 1657 2422 ludos,

266 2445 472 2486 sacrificia
492 2457 565 2486 aut
585 2451 708 2486 certis
727 2449 843 2487 festis
865 2448 1017 2488 diebus
1035 2452 1188 2489 instrui
1206 2449 1429 2496 solebant,
1459 2460 1502 2490 et
1529 2445 1658 2504 δημο-

264 2518 427 2563 θοινίαι
462 2522 532 2562 vel
568 2518 769 2577 δημόσιαι
800 2522 948 2564 θοῖναι
986 2527 1201 2566 dIcuntur.
1270 2526 1510 2580 Alciphron
1547 2529 1595 2567 L.
1620 2528 1657 2569 1.

267 2615 335 2654 ep.
358 2606 397 2647 5.
430 2613 473 2652 p.
499 2604 558 2652 14.
586 2597 869 2654 πανηγύρεως
907 2597 950 2642 ἐν
992 2599 1204 2657 προαςείῳ
1250 2599 1463 2659 πανδημεὶ
1501 2599 1656 2645 τελου·

265 2673 395 2731 μένης
442 2672 516 2716 καὶ
573 2674 942 2732 δημοθοινίας
972 2717 975 2719 ,
1002 2676 1235 2733 ἀφθόνου,
1292 2679 1535 2738 Χαρίδημος
1588 2677 1656 2722 ἐπ’

266 2746 462 2809 εὐωχίαν
493 2751 794 2798 συνεκαλεῖτο.
849 2759 1062 2800 Polemon
1083 2762 1199 2814 apud
1216 2760 1489 2803 Athenaeum
1511 2762 1559 2801 L.
1577 2760 1652 2801 XI.
