1846 3308
712 282 1084 332 —103—

297 412 351 453 V.
380 418 418 459 5.
477 409 565 451 Ἐκ
601 408 963 466 μεσημβρίας
1004 407 1173 465 ἔθηκε·
1213 405 1363 452 νύκτ’
1400 423 1442 452 κ.
1472 425 1514 453 τ.
1543 407 1593 452 λ.

197 484 385 537 Eclipses
404 488 491 524 sive
510 485 826 525 obscurationes
844 485 941 525 solis
963 495 1006 525 et
1027 485 1157 524 lunae
1179 486 1394 526 veteribus
1413 488 1591 527 infausti

197 561 348 598 ominis
369 559 499 598 fuisse
518 571 567 597 ex
584 558 727 598 multis
750 567 971 598 auctorum
989 557 1091 598 locis
1113 567 1155 597 et
1174 560 1376 611 exemplis
1396 571 1590 613 apparet.

195 636 325 675 Hom.
348 635 501 689 Odyss.
529 645 569 673 υ.
589 641 677 682 551.
729 633 1006 688 Aristophan.
1034 630 1153 685 Νεφ.
1181 648 1219 673 v.
1239 640 1328 679 512.
1345 636 1435 675 Liv.
1455 637 1504 676 L.
1523 641 1588 688 44.

198 721 233 746 c.
252 715 315 760 37.
366 706 580 747 Plutarch.
616 707 671 746 de
698 707 811 746 facie
838 710 888 747 in
927 707 1034 748 orbe
1067 708 1202 748 lunae
1238 708 1289 746 T.
1316 708 1392 747 IX.
1426 723 1470 761 p.
1498 710 1592 755 630.-

195 784 313 825 hunc
330 788 470 838 ipsum
487 786 634 826 locum
655 785 904 827 Archilochi
921 788 1116 838 respicit:
1172 779 1293 823 Θέων
1326 779 1428 837 ἧμῖν
1461 774 1591 834 οὗτος

193 859 272 903 τὸν
299 857 559 917 Μίμνερμον
590 853 743 910 ἐπάξει
772 859 846 902 καὶ
880 859 1047 902 Κυδίαν
1083 857 1156 902 καὶ
1188 858 1266 902 τὸν
1295 858 1590 916 ’Δρχίλοχον,

193 936 297 993 πρὸς
339 935 384 979 δὲ
419 933 594 988 τούτοις
621 937 698 980 τὸν
730 936 1015 994 Στησίχορον
1057 936 1132 979 καὶ
1165 936 1381 997 Πίνδαρον
1419 935 1463 981 ἐν
1492 939 1590 990 ταῖς

193 1011 448 1070 ἐκλείψεσιν
478 1013 837 1072 ὀλοφυρομένους
876 1013 955 1059 τὸν
994 1014 1312 1072 φανερώτατον
1343 1014 1589 1074 κλεπτόμε-

192 1106 265 1136 νον
291 1089 450 1150 (ἥλιον
478 1093 672 1145 Iacobs).

289 1179 344 1219 V.
363 1184 402 1231 4.
428 1172 625 1218 Ἡλίου
656 1171 1007 1230 λάμποντος,
1038 1175 1424 1234 λυγρὸν--.
1478 1183 1590 1223 Cum

190 1256 239 1294 in
276 1256 402 1293 tertia
444 1253 550 1292 sede
589 1252 812 1309 spondeus
851 1255 928 1302 sit,
972 1254 1230 1293 Valckenar.
1271 1254 1327 1293 ad
1362 1253 1588 1296 Phoeniss-

189 1344 234 1384 p.
252 1337 341 1383 487.
370 1322 503 1382 ὑγρὸν
529 1331 767 1386 legendum
806 1343 897 1369 esse
935 1339 1105 1375 censet:
1144 1329 1297 1370 Iacobs
1324 1345 1428 1372 vero
1458 1336 1588 1372 etiam

190 1404 427 1456 imparibus
454 1413 801 1443 tetrametrorum
829 1402 1004 1443 sedibus
1029 1402 1252 1454 spondeos
1271 1405 1491 1444 interdum
1512 1406 1589 1445 ad-

192 1477 333 1517 hiberi
360 1477 585 1526 observat,
621 1486 671 1516 ut
690 1476 965 1517 Hermannus
1002 1478 1133 1516 etiam
1163 1475 1218 1515 de
1239 1477 1391 1516 Mettis
1425 1489 1470 1531 p.
1500 1483 1586 1525 118.

190 1551 394 1593 ostendit.

289 1632 343 1671 V.
363 1637 401 1677 5.
434 1626 526 1669 Ἐκ
564 1624 617 1668 δὲ
651 1625 751 1670 τοῦ
789 1624 889 1670 οὒκ
927 1622 1100 1680 ἅτις-α
1134 1623 1318 1669 πάντα
1355 1625 1589 1684 min-isl-

191 1720 305 1748 πτα
350 1703 586 1761 γίνεται.
656 1701 755 1746 Οὔκ
797 1700 931 1757 &ms-a
958 1710 986 1748 i.
1016 1722 1054 1749 e.
1081 1702 1186 1756 πιςὰ
1224 1705 1392 1759 γίνεται
1423 1703 1584 1748 πάντα.

192 1788 263 1826 Sic
287 1786 484 1842 Aeschyl.
519 1780 646 1824 Ἐπτ.
687 1778 719 1823 ἒ.
770 1782 822 1825 Θ.
858 1800 898 1826 v.
929 1798 1018 1838 9¹1·
1054 1780 1368 1840 Διαλλακτῆρι
1419 1781 1453 1824 δ’
1503 1776 1585 1825 οὒκ

194 1858 402 1917 ἀμεμφέα
421 1858 584 1915 φίλοις,
602 1867 630 1904 i.
650 1877 687 1903 e.
711 1859 882 1916 μέμψις
901 1864 971 1903 vel
990 1858 1155 1918 μομφῖ)
1175 1857 1296 1917 παρὰ
1317 1857 1469 1914 φίλοις
1487 1858 1584 1912 ἐςίν.

191 1936 280 1976 Sed
317 1951 415 1975 cum
450 1937 643 1992 dactylus
669 1939 716 1976 in
737 1936 841 1975 sede
875 1939 1031 1988 impari
1055 1940 1202 1988 potius
1231 1940 1404 1976 comicis
1432 1940 1479 1976 in
1505 1951 1587 1976 usu

192 2012 271 2058 sit,
309 2019 352 2049 et
385 2009 459 2049 illa
486 2019 724 2050 structurae
749 2012 861 2048 ratio
890 2008 1040 2049 durior
1063 2009 1286 2058 videatur,
1324 2009 1584 2057 Valckenar-

191 2085 219 2125 1.
249 2101 283 2125 c.
314 2089 510 2140 corrigit:
547 2082 597 2125 ἐκ
626 2081 671 2125 δὲ
699 2081 816 2125 τοῦδ’
847 2077 984 2135 dmm
1010 2080 1159 2125 πάντα
1188 2080 1447 2139 κᾷπίελπτα
1477 2082 1588 2138 γίνε-

189 2175 288 2209 ται,
330 2164 452 2218 quod
485 2174 632 2204 tamen
667 2163 818 2203 Iacobs
853 2173 1032 2216 propter
1059 2163 1262 2217 copulam
1294 2167 1343 2202 in
1369 2157 1589 2202 ἓπίελπτα

189 2243 408 2296 improbat
435 2252 478 2282 et
503 2244 563 2281 sic
581 2241 684 2281 olim
703 2245 909 2295 scriptum
934 2243 1065 2281 fuisse
1084 2251 1250 2282 censet:
1286 2235 1368 2279 Ἐκ
1396 2235 1442 2279 δὲ
1468 2236 1588 2280 τοῦδ’

191 2313 368 2359 ἅπαντα
405 2314 510 2369 πιςὰ
547 2315 654 2372 κᾴπ.
694 2332 738 2372 γ.
798 2320 886 2360 Sed
910 2323 946 2360 si
972 2320 1095 2361 locus
1131 2310 1440 2360 emendatione
1469 2329 1585 2374 eget,

189 2388 424 2447 legendum
445 2396 591 2446 potius
609 2404 783 2446 putem:

299 2468 379 2509 Ἐκ
408 2466 453 2509 δὲ
481 2466 562 2510 τοῢ
595 2465 670 2510 καὶ
696 2465 802 2520 πιςὰ
830 2464 979 2511 πάντα
1013 2465 1272 2525 κᾷπιέλπτα
1295 2468 1486 2524 γίνεται.

192 2541 252 2579 Ex
279 2540 362 2581 hoe
390 2552 587 2596 tempore
614 2555 656 2584 et
683 2544 801 2584 credi
831 2554 876 2584 et
908 2548 1071 2598 sperari
1103 2548 1188 2587 iam
1214 2555 1398 2597 possunt
1420 2545 1582 2592 omnia,

195 2631 307 2669 quae
345 2619 506 2659 scilicet
542 2621 645 2662 alias
689 2614 894 2668 ἄελπτα,
952 2618 1172 2677 ἂπίυμοτα
1221 2616 1296 2662 καὶ
1350 2615 1585 2673 ,θαυμάσια

193 2698 326 2728 erant.
378 2689 439 2729 Ex
455 2690 536 2732 hac
559 2695 868 2737 emendatione
888 2700 1015 2736 etiam
1045 2706 1249 2749 apparet,
1284 2693 1510 2747 quomodo
1532 2705 1583 2732 ex

193 2759 455 2815 ’ῑθῦκαῖπῑςᾶ
482 2773 584 2811 oriri
605 2777 797 2825 potuerit
818 2763 1134 2823 τοῢοῦκᾶπιςα.
1162 2772 1310 2811 Simile
1330 2770 1437 2824 quid
1455 2768 1584 2810 habet
