<?xml version="1.0" encoding="UTF-8"?>
<!DOCTYPE html PUBLIC "-//W3C//DTD XHTML 1.0 Transitional//EN"
    "http://www.w3.org/TR/xhtml1/DTD/xhtml1-transitional.dtd">
<html xmlns="http://www.w3.org/1999/xhtml" xml:lang="en" lang="en">
 <head>
  <title>
</title>
<meta http-equiv="Content-Type" content="text/html;charset=utf-8" />
  <meta name='ocr-system' content='tesseract 3.04.00' />
  <meta name='ocr-capabilities' content='ocr_page ocr_carea ocr_par ocr_line ocrx_word'/>
</head>
<body>
  <div class='ocr_page' id='page_1' title='image "./iambographorumpr00archuoft_0107.png"; bbox 0 0 1846 3308; ppageno 0'>
   <div class='ocr_carea' id='block_1_1' title="bbox 705 312 1045 362">
    <p class='ocr_par' dir='ltr' id='par_1_1' title="bbox 705 312 1045 362">
     <span class='ocr_line' id='line_1_1' title="bbox 705 312 1045 362; baseline -0.006 -19"><span class='ocrx_word' id='word_1_1' title='bbox 705 312 904 362; x_wconf 44' lang='lat'><strong>...¹31</strong></span> <span class='ocrx_word' id='word_1_2' title='bbox 978 328 1045 341; x_wconf 85' lang='lat'>-.</span> 
     </span>
    </p>
   </div>
   <div class='ocr_carea' id='block_1_2' title="bbox 174 437 1574 1149">
    <p class='ocr_par' dir='ltr' id='par_1_2' title="bbox 174 437 1574 1149">
     <span class='ocr_line' id='line_1_2' title="bbox 178 437 1572 495; baseline -0.004 -12"><span class='ocrx_word' id='word_1_3' title='bbox 178 443 326 490; x_wconf 87' lang='lat' dir='ltr'>docet,</span> <span class='ocrx_word' id='word_1_4' title='bbox 355 440 577 495; x_wconf 88' lang='lat' dir='ltr'>quomodo</span> <span class='ocrx_word' id='word_1_5' title='bbox 604 438 715 478; x_wconf 88' lang='lat' dir='ltr'>illud</span> <span class='ocrx_word' id='word_1_6' title='bbox 740 440 910 476; x_wconf 82' lang='lat' dir='ltr'><strong>suavius</strong></span> <span class='ocrx_word' id='word_1_7' title='bbox 937 450 1075 490; x_wconf 85' lang='lat' dir='ltr'>genus</span> <span class='ocrx_word' id='word_1_8' title='bbox 1100 447 1290 488; x_wconf 89' lang='lat' dir='ltr'>paretur.</span> <span class='ocrx_word' id='word_1_9' title='bbox 1344 437 1572 477; x_wconf 82' lang='lat' dir='ltr'>Praeterea</span> 
     </span>
     <span class='ocr_line' id='line_1_3' title="bbox 177 507 1570 569; baseline -0.004 -13"><span class='ocrx_word' id='word_1_10' title='bbox 177 515 297 569; x_wconf 84' lang='lat' dir='ltr'>apud</span> <span class='ocrx_word' id='word_1_11' title='bbox 320 525 486 554; x_wconf 85' lang='lat' dir='ltr'>veteres</span> <span class='ocrx_word' id='word_1_12' title='bbox 515 522 557 551; x_wconf 88' lang='lat' dir='ltr'>et</span> <span class='ocrx_word' id='word_1_13' title='bbox 580 513 719 550; x_wconf 82' lang='lat' dir='ltr'>muria</span> <span class='ocrx_word' id='word_1_14' title='bbox 742 508 900 549; x_wconf 82' lang='lat' dir='ltr'>Thasia</span> <span class='ocrx_word' id='word_1_15' title='bbox 936 519 979 548; x_wconf 88' lang='lat' dir='ltr'>et</span> <span class='ocrx_word' id='word_1_16' title='bbox 1000 523 1135 548; x_wconf 90' lang='lat' dir='ltr'>nuces</span> <span class='ocrx_word' id='word_1_17' title='bbox 1155 507 1342 548; x_wconf 79' lang='lat' dir='ltr'>Thasiae</span> <span class='ocrx_word' id='word_1_18' title='bbox 1377 510 1570 550; x_wconf 86' lang='lat' dir='ltr'><strong>celebres</strong></span> 
     </span>
     <span class='ocr_line' id='line_1_4' title="bbox 176 581 1571 639; baseline -0.004 -11"><span class='ocrx_word' id='word_1_19' title='bbox 176 598 317 632; x_wconf 84' lang='lat' dir='ltr'>erant,</span> <span class='ocrx_word' id='word_1_20' title='bbox 340 600 446 639; x_wconf 87' lang='lat' dir='ltr'>quas</span> <span class='ocrx_word' id='word_1_21' title='bbox 464 585 771 635; x_wconf 85' lang='lat' dir='ltr'>Dalecampius</span> <span class='ocrx_word' id='word_1_22' title='bbox 786 581 901 621; x_wconf 86' lang='lat' dir='ltr'>male</span> <span class='ocrx_word' id='word_1_23' title='bbox 926 592 1075 621; x_wconf 88' lang='lat' dir='ltr'>censet</span> <span class='ocrx_word' id='word_1_24' title='bbox 1094 581 1309 621; x_wconf 82' lang='lat' dir='ltr'>avellanas</span> <span class='ocrx_word' id='word_1_25' title='bbox 1332 596 1446 628; x_wconf 78' lang='lat' dir='ltr'>esse:</span> <span class='ocrx_word' id='word_1_26' title='bbox 1475 585 1571 624; x_wconf 89' lang='lat' dir='ltr'>Ma·</span> 
     </span>
     <span class='ocr_line' id='line_1_5' title="bbox 176 653 1570 710; baseline -0.005 -9"><span class='ocrx_word' id='word_1_27' title='bbox 176 661 350 701; x_wconf 79' lang='lat' dir='ltr'>crebius</span> <span class='ocrx_word' id='word_1_28' title='bbox 374 661 490 699; x_wconf 87' lang='lat' dir='ltr'>enim</span> <span class='ocrx_word' id='word_1_29' title='bbox 515 670 587 697; x_wconf 84' lang='lat' dir='ltr'>eas</span> <span class='ocrx_word' id='word_1_30' title='bbox 612 670 704 696; x_wconf 86' lang='lat' dir='ltr'>esse</span> <span class='ocrx_word' id='word_1_31' title='bbox 726 653 973 710; x_wconf 77' lang='lat' dir='ltr'>amygdalas</span> <span class='ocrx_word' id='word_1_32' title='bbox 1005 664 1154 707; x_wconf 85' lang='lat' dir='ltr'>aperte</span> <span class='ocrx_word' id='word_1_33' title='bbox 1185 653 1332 693; x_wconf 86' lang='lat' dir='ltr'><strong>scribit</strong></span> <span class='ocrx_word' id='word_1_34' title='bbox 1355 655 1570 696; x_wconf 88' lang='lat' dir='ltr'>Saturnal.</span> 
     </span>
     <span class='ocr_line' id='line_1_6' title="bbox 175 727 1573 777; baseline -0.003 -3"><span class='ocrx_word' id='word_1_35' title='bbox 175 736 225 774; x_wconf 88' lang='lat' dir='ltr'>L.</span> <span class='ocrx_word' id='word_1_36' title='bbox 243 734 317 773; x_wconf 91' lang='lat'><strong>111.</strong></span> <span class='ocrx_word' id='word_1_37' title='bbox 345 733 393 772; x_wconf 90' lang='lat' dir='ltr'>C.</span> <span class='ocrx_word' id='word_1_38' title='bbox 418 737 478 777; x_wconf 83' lang='lat'><strong>18.</strong></span> <span class='ocrx_word' id='word_1_39' title='bbox 525 730 645 769; x_wconf 82' lang='lat' dir='ltr'>Inter</span> <span class='ocrx_word' id='word_1_40' title='bbox 680 729 868 768; x_wconf 84' lang='lat' dir='ltr'>lautitias</span> <span class='ocrx_word' id='word_1_41' title='bbox 894 741 1141 768; x_wconf 87' lang='lat' dir='ltr'>mensarum</span> <span class='ocrx_word' id='word_1_42' title='bbox 1179 741 1249 767; x_wconf 86' lang='lat' dir='ltr'>eas</span> <span class='ocrx_word' id='word_1_43' title='bbox 1276 727 1411 766; x_wconf 84' lang='lat' dir='ltr'><strong>refert</strong></span> <span class='ocrx_word' id='word_1_44' title='bbox 1434 728 1573 770; x_wconf 87' lang='lat' dir='ltr'>Varro</span> 
     </span>
     <span class='ocr_line' id='line_1_7' title="bbox 176 799 1571 866; baseline -0.004 -15"><span class='ocrx_word' id='word_1_45' title='bbox 176 814 312 866; x_wconf 84' lang='lat' dir='ltr'>Satyr.</span> <span class='ocrx_word' id='word_1_46' title='bbox 357 804 454 862; x_wconf 80' lang='grc' dir='ltr'>περὶ</span> <span class='ocrx_word' id='word_1_47' title='bbox 502 799 754 858; x_wconf 76' lang='grc' dir='ltr'>ἐδεσμάτων</span> <span class='ocrx_word' id='word_1_48' title='bbox 788 805 908 858; x_wconf 85' lang='lat' dir='ltr'>apud</span> <span class='ocrx_word' id='word_1_49' title='bbox 938 805 1036 845; x_wconf 80' lang='lat' dir='ltr'><strong>Aul.</strong></span> <span class='ocrx_word' id='word_1_50' title='bbox 1075 805 1187 845; x_wconf 85' lang='lat' dir='ltr'>Gell.</span> <span class='ocrx_word' id='word_1_51' title='bbox 1222 805 1271 844; x_wconf 94' lang='lat' dir='ltr'>L.</span> <span class='ocrx_word' id='word_1_52' title='bbox 1300 803 1394 843; x_wconf 88' lang='lat' dir='ltr'>VH.</span> <span class='ocrx_word' id='word_1_53' title='bbox 1432 806 1479 844; x_wconf 81' lang='lat' dir='ltr'><strong>C.</strong></span> <span class='ocrx_word' id='word_1_54' title='bbox 1511 808 1571 846; x_wconf 86' lang='lat'>16.</span> 
     </span>
     <span class='ocr_line' id='line_1_8' title="bbox 178 877 1573 936; baseline -0.004 -12"><span class='ocrx_word' id='word_1_55' title='bbox 178 896 340 936; x_wconf 82' lang='lat' dir='ltr'>easque</span> <span class='ocrx_word' id='word_1_56' title='bbox 377 892 421 922; x_wconf 91' lang='lat' dir='ltr'>et</span> <span class='ocrx_word' id='word_1_57' title='bbox 461 894 540 920; x_wconf 84' lang='lat' dir='ltr'>sua</span> <span class='ocrx_word' id='word_1_58' title='bbox 583 889 724 918; x_wconf 84' lang='lat' dir='ltr'>aetate</span> <span class='ocrx_word' id='word_1_59' title='bbox 770 877 1008 918; x_wconf 84' lang='lat' dir='ltr'>celebratas</span> <span class='ocrx_word' id='word_1_60' title='bbox 1055 892 1148 918; x_wconf 89' lang='lat' dir='ltr'>esse</span> <span class='ocrx_word' id='word_1_61' title='bbox 1183 877 1348 917; x_wconf 87' lang='lat' dir='ltr'>Plinius</span> <span class='ocrx_word' id='word_1_62' title='bbox 1391 887 1573 919; x_wconf 87' lang='lat' dir='ltr'>testatur</span> 
     </span>
     <span class='ocr_line' id='line_1_9' title="bbox 174 951 1570 1005; baseline -0.002 -10"><span class='ocrx_word' id='word_1_63' title='bbox 174 958 224 1001; x_wconf 87' lang='lat' dir='ltr'><strong>L.</strong></span> <span class='ocrx_word' id='word_1_64' title='bbox 241 957 338 1002; x_wconf 59' lang='lat' dir='ltr'>XV,</span> <span class='ocrx_word' id='word_1_65' title='bbox 367 955 414 995; x_wconf 93' lang='lat' dir='ltr'>C.</span> <span class='ocrx_word' id='word_1_66' title='bbox 431 968 493 993; x_wconf 81' lang='lat'>22.</span> <span class='ocrx_word' id='word_1_67' title='bbox 519 953 605 992; x_wconf 87' lang='lat' dir='ltr'>vid.</span> <span class='ocrx_word' id='word_1_68' title='bbox 624 951 837 992; x_wconf 82' lang='lat' dir='ltr'>Athenae.</span> <span class='ocrx_word' id='word_1_69' title='bbox 864 966 908 1005; x_wconf 86' lang='lat' dir='ltr'>p.</span> <span class='ocrx_word' id='word_1_70' title='bbox 927 953 1016 1003; x_wconf 79' lang='grc'><strong>647.</strong></span> <span class='ocrx_word' id='word_1_71' title='bbox 1068 953 1250 1004; x_wconf 87' lang='lat' dir='ltr'>Lennep</span> <span class='ocrx_word' id='word_1_72' title='bbox 1277 954 1324 990; x_wconf 88' lang='lat' dir='ltr'>in</span> <span class='ocrx_word' id='word_1_73' title='bbox 1343 951 1570 992; x_wconf 83' lang='lat' dir='ltr'>Animadv.</span> 
     </span>
     <span class='ocr_line' id='line_1_10' title="bbox 179 1023 1574 1080; baseline -0.004 -10"><span class='ocrx_word' id='word_1_74' title='bbox 179 1029 237 1070; x_wconf 78' lang='lat' dir='ltr'>ad</span> <span class='ocrx_word' id='word_1_75' title='bbox 261 1027 436 1070; x_wconf 89' lang='lat' dir='ltr'>Coluth.</span> <span class='ocrx_word' id='word_1_76' title='bbox 470 1041 515 1080; x_wconf 88' lang='lat' dir='ltr'>p.</span> <span class='ocrx_word' id='word_1_77' title='bbox 536 1032 595 1070; x_wconf 84' lang='lat'>15.</span> <span class='ocrx_word' id='word_1_78' title='bbox 634 1036 677 1065; x_wconf 90' lang='lat' dir='ltr'>et</span> <span class='ocrx_word' id='word_1_79' title='bbox 709 1038 832 1078; x_wconf 87' lang='lat' dir='ltr'><strong>seqq.</strong></span> <span class='ocrx_word' id='word_1_80' title='bbox 891 1025 961 1063; x_wconf 91' lang='lat' dir='ltr'>Ad</span> <span class='ocrx_word' id='word_1_81' title='bbox 997 1023 1106 1064; x_wconf 88' lang='lat' dir='ltr'>haec</span> <span class='ocrx_word' id='word_1_82' title='bbox 1138 1037 1354 1064; x_wconf 87' lang='lat' dir='ltr'>marmore</span> <span class='ocrx_word' id='word_1_83' title='bbox 1388 1035 1433 1064; x_wconf 91' lang='lat' dir='ltr'>et</span> <span class='ocrx_word' id='word_1_84' title='bbox 1466 1040 1574 1067; x_wconf 87' lang='lat' dir='ltr'>auro</span> 
     </span>
     <span class='ocr_line' id='line_1_11' title="bbox 176 1098 1045 1149; baseline -0.009 -6"><span class='ocrx_word' id='word_1_85' title='bbox 176 1106 307 1143; x_wconf 81' lang='lat' dir='ltr'>etiam</span> <span class='ocrx_word' id='word_1_86' title='bbox 335 1100 452 1140; x_wconf 80' lang='lat' dir='ltr'>dives</span> <span class='ocrx_word' id='word_1_87' title='bbox 481 1109 585 1140; x_wconf 87' lang='lat' dir='ltr'>erat.</span> <span class='ocrx_word' id='word_1_88' title='bbox 613 1099 716 1138; x_wconf 85' lang='lat' dir='ltr'>Stat.</span> <span class='ocrx_word' id='word_1_89' title='bbox 744 1098 844 1138; x_wconf 85' lang='lat' dir='ltr'>Silv.</span> <span class='ocrx_word' id='word_1_90' title='bbox 866 1098 899 1137; x_wconf 94' lang='lat'><strong>1.</strong></span> <span class='ocrx_word' id='word_1_91' title='bbox 922 1104 961 1143; x_wconf 83' lang='lat'>5.</span> <span class='ocrx_word' id='word_1_92' title='bbox 980 1102 1045 1149; x_wconf 65' lang='lat'><strong>34.</strong></span> 
     </span>
    </p>
   </div>
   <div class='ocr_carea' id='block_1_3' title="bbox 174 1231 1610 2783">
    <p class='ocr_par' dir='ltr' id='par_1_3' title="bbox 174 1231 1610 2783">
     <span class='ocr_line' id='line_1_12' title="bbox 265 1231 1575 1294; baseline 0.001 -16"><span class='ocrx_word' id='word_1_93' title='bbox 265 1231 398 1278; x_wconf 85' lang='grc' dir='ltr'>Ὄνο</span> <span class='ocrx_word' id='word_1_94' title='bbox 414 1251 439 1277; x_wconf 89' lang='grc' dir='ltr'>υ</span> <span class='ocrx_word' id='word_1_95' title='bbox 482 1234 668 1294; x_wconf 80' lang='grc' dir='ltr'><strong>ῥάχις.</strong></span> <span class='ocrx_word' id='word_1_96' title='bbox 732 1237 962 1289; x_wconf 87' lang='lat' dir='ltr'>„Propter</span> <span class='ocrx_word' id='word_1_97' title='bbox 985 1239 1200 1275; x_wconf 89' lang='lat' dir='ltr'>montium</span> <span class='ocrx_word' id='word_1_98' title='bbox 1226 1238 1330 1289; x_wconf 87' lang='lat' dir='ltr'>iuga</span> <span class='ocrx_word' id='word_1_99' title='bbox 1354 1247 1489 1289; x_wconf 88' lang='lat' dir='ltr'>poeta</span> <span class='ocrx_word' id='word_1_100' title='bbox 1514 1241 1575 1280; x_wconf 90' lang='lat' dir='ltr'>sic</span> 
     </span>
     <span class='ocr_line' id='line_1_13' title="bbox 177 1308 1571 1369; baseline -0.002 -13"><span class='ocrx_word' id='word_1_101' title='bbox 177 1314 418 1369; x_wconf 78' lang='lat' dir='ltr'>appellasse</span> <span class='ocrx_word' id='word_1_102' title='bbox 452 1313 625 1352; x_wconf 88' lang='lat' dir='ltr'>videtur</span> <span class='ocrx_word' id='word_1_103' title='bbox 659 1310 859 1351; x_wconf 88' lang='lat' dir='ltr'>insulam.</span> <span class='ocrx_word' id='word_1_104' title='bbox 918 1308 1127 1348; x_wconf 84' lang='lat' dir='ltr'>Plurimas</span> <span class='ocrx_word' id='word_1_105' title='bbox 1154 1311 1342 1361; x_wconf 85' lang='lat' dir='ltr'>partium</span> <span class='ocrx_word' id='word_1_106' title='bbox 1378 1316 1571 1364; x_wconf 89' lang='lat' dir='ltr'>corporis</span> 
     </span>
     <span class='ocr_line' id='line_1_14' title="bbox 178 1381 1575 1442; baseline -0.001 -15"><span class='ocrx_word' id='word_1_107' title='bbox 178 1387 495 1442; x_wconf 80' lang='lat' dir='ltr'>appellationes</span> <span class='ocrx_word' id='word_1_108' title='bbox 532 1385 589 1424; x_wconf 85' lang='lat' dir='ltr'>ad</span> <span class='ocrx_word' id='word_1_109' title='bbox 616 1395 826 1424; x_wconf 87' lang='lat' dir='ltr'>terrarum</span> <span class='ocrx_word' id='word_1_110' title='bbox 864 1385 993 1422; x_wconf 87' lang='lat' dir='ltr'>situm</span> <span class='ocrx_word' id='word_1_111' title='bbox 1021 1392 1064 1421; x_wconf 87' lang='lat' dir='ltr'>et</span> <span class='ocrx_word' id='word_1_112' title='bbox 1091 1381 1388 1421; x_wconf 88' lang='lat' dir='ltr'>conditionem</span> <span class='ocrx_word' id='word_1_113' title='bbox 1412 1385 1575 1438; x_wconf 84' lang='lat' dir='ltr'>signifi-</span> 
     </span>
     <span class='ocr_line' id='line_1_15' title="bbox 178 1454 1575 1511; baseline -0.002 -9"><span class='ocrx_word' id='word_1_114' title='bbox 178 1461 365 1502; x_wconf 82' lang='lat' dir='ltr'>candam</span> <span class='ocrx_word' id='word_1_115' title='bbox 407 1458 631 1499; x_wconf 81' lang='lat' dir='ltr'>translatas</span> <span class='ocrx_word' id='word_1_116' title='bbox 677 1457 912 1511; x_wconf 85' lang='lat' dir='ltr'>diligenter</span> <span class='ocrx_word' id='word_1_117' title='bbox 965 1455 1142 1510; x_wconf 88' lang='lat' dir='ltr'>collegit</span> <span class='ocrx_word' id='word_1_118' title='bbox 1183 1454 1376 1495; x_wconf 87' lang='lat' dir='ltr'>Eustath.</span> <span class='ocrx_word' id='word_1_119' title='bbox 1424 1458 1480 1496; x_wconf 83' lang='lat' dir='ltr'>ad</span> <span class='ocrx_word' id='word_1_120' title='bbox 1523 1459 1575 1499; x_wconf 88' lang='grc' dir='ltr'><strong>Π.</strong></span> 
     </span>
     <span class='ocr_line' id='line_1_16' title="bbox 174 1527 1573 1589; baseline -0.002 -14"><span class='ocrx_word' id='word_1_121' title='bbox 174 1550 219 1589; x_wconf 88' lang='lat' dir='ltr'>p.</span> <span class='ocrx_word' id='word_1_122' title='bbox 241 1542 328 1581; x_wconf 83' lang='lat'><strong>233.</strong></span> <span class='ocrx_word' id='word_1_123' title='bbox 356 1546 449 1586; x_wconf 92' lang='lat' dir='ltr'>seq.</span> <span class='ocrx_word' id='word_1_124' title='bbox 478 1531 695 1585; x_wconf 85' lang='lat' dir='ltr'>quaedam</span> <span class='ocrx_word' id='word_1_125' title='bbox 721 1528 858 1570; x_wconf 87' lang='lat' dir='ltr'>schol.</span> <span class='ocrx_word' id='word_1_126' title='bbox 884 1527 1090 1581; x_wconf 88' lang='lat' dir='ltr'>Sophocl.</span> <span class='ocrx_word' id='word_1_127' title='bbox 1118 1530 1166 1567; x_wconf 92' lang='lat' dir='ltr'>in</span> <span class='ocrx_word' id='word_1_128' title='bbox 1185 1527 1344 1581; x_wconf 83' lang='lat' dir='ltr'>Oedip.</span> <span class='ocrx_word' id='word_1_129' title='bbox 1375 1530 1464 1569; x_wconf 87' lang='lat' dir='ltr'>Col.</span> <span class='ocrx_word' id='word_1_130' title='bbox 1484 1532 1573 1584; x_wconf 85' lang='lat'><strong>691.</strong></span> 
     </span>
     <span class='ocr_line' id='line_1_17' title="bbox 177 1601 1575 1659; baseline -0.003 -11"><span class='ocrx_word' id='word_1_131' title='bbox 177 1608 245 1648; x_wconf 81' lang='lat' dir='ltr'><strong>cf.</strong></span> <span class='ocrx_word' id='word_1_132' title='bbox 270 1606 518 1659; x_wconf 87' lang='lat' dir='ltr'>Wesseling</span> <span class='ocrx_word' id='word_1_133' title='bbox 548 1603 605 1642; x_wconf 82' lang='lat' dir='ltr'>ad</span> <span class='ocrx_word' id='word_1_134' title='bbox 631 1603 845 1643; x_wconf 86' lang='lat' dir='ltr'>Herodot.</span> <span class='ocrx_word' id='word_1_135' title='bbox 869 1602 902 1641; x_wconf 90' lang='lat'>1.</span> <span class='ocrx_word' id='word_1_136' title='bbox 928 1616 971 1654; x_wconf 91' lang='lat' dir='ltr'>p.</span> <span class='ocrx_word' id='word_1_137' title='bbox 994 1607 1069 1648; x_wconf 79' lang='lat'>55,</span> <span class='ocrx_word' id='word_1_138' title='bbox 1104 1601 1166 1647; x_wconf 88' lang='grc'>86.</span> <span class='ocrx_word' id='word_1_139' title='bbox 1220 1602 1575 1644; x_wconf 87' lang='lat' dir='ltr'>Promontorium</span> 
     </span>
     <span class='ocr_line' id='line_1_18' title="bbox 176 1672 1577 1734; baseline -0.004 -8"><span class='ocrx_word' id='word_1_140' title='bbox 176 1686 398 1726; x_wconf 79' lang='lat' dir='ltr'>Laconiae</span> <span class='ocrx_word' id='word_1_141' title='bbox 439 1672 544 1723; x_wconf 77' lang='grc' dir='ltr'><em>ὄνου</em></span> <span class='ocrx_word' id='word_1_142' title='bbox 585 1675 757 1732; x_wconf 75' lang='grc' dir='ltr'>’γνάθον</span> <span class='ocrx_word' id='word_1_143' title='bbox 786 1680 1050 1734; x_wconf 86' lang='lat' dir='ltr'>appellatum</span> <span class='ocrx_word' id='word_1_144' title='bbox 1080 1689 1392 1718; x_wconf 87' lang='lat' dir='ltr'>commemorat</span> <span class='ocrx_word' id='word_1_145' title='bbox 1417 1680 1577 1721; x_wconf 87' lang='lat' dir='ltr'>Pausa—</span> 
     </span>
     <span class='ocr_line' id='line_1_19' title="bbox 177 1745 1574 1810; baseline -0.004 -12"><span class='ocrx_word' id='word_1_146' title='bbox 177 1761 273 1798; x_wconf 81' lang='lat' dir='ltr'>nias</span> <span class='ocrx_word' id='word_1_147' title='bbox 291 1757 364 1797; x_wconf 92' lang='lat'><strong>111.</strong></span> <span class='ocrx_word' id='word_1_148' title='bbox 389 1771 452 1797; x_wconf 78' lang='lat'>22.</span> <span class='ocrx_word' id='word_1_149' title='bbox 488 1769 533 1808; x_wconf 91' lang='lat' dir='ltr'>p.</span> <span class='ocrx_word' id='word_1_150' title='bbox 551 1760 639 1806; x_wconf 73' lang='grc'><strong>451.</strong></span> <span class='ocrx_word' id='word_1_151' title='bbox 664 1754 767 1794; x_wconf 82' lang='lat' dir='ltr'>edit.</span> <span class='ocrx_word' id='word_1_152' title='bbox 787 1755 917 1793; x_wconf 88' lang='lat' dir='ltr'>Facii.</span> <span class='ocrx_word' id='word_1_153' title='bbox 969 1753 1063 1792; x_wconf 91' lang='lat' dir='ltr'>Nec</span> <span class='ocrx_word' id='word_1_154' title='bbox 1085 1751 1170 1793; x_wconf 93' lang='lat' dir='ltr'>hoc</span> <span class='ocrx_word' id='word_1_155' title='bbox 1192 1748 1298 1796; x_wconf 77' lang='grc' dir='ltr'><em>ὄνου</em></span> <span class='ocrx_word' id='word_1_156' title='bbox 1324 1751 1458 1810; x_wconf 74' lang='grc' dir='ltr'><strong>ῥάχις</strong></span> <span class='ocrx_word' id='word_1_157' title='bbox 1487 1745 1574 1796; x_wconf 74' lang='lat' dir='ltr'>tam</span> 
     </span>
     <span class='ocr_line' id='line_1_20' title="bbox 178 1830 1610 1890; baseline 0.002 -18"><span class='ocrx_word' id='word_1_158' title='bbox 178 1830 442 1872; x_wconf 79' lang='lat' dir='ltr'>Archilocho</span> <span class='ocrx_word' id='word_1_159' title='bbox 465 1835 692 1884; x_wconf 88' lang='lat' dir='ltr'>proprium</span> <span class='ocrx_word' id='word_1_160' title='bbox 714 1833 847 1872; x_wconf 78' lang='lat' dir='ltr'>fuisse</span> <span class='ocrx_word' id='word_1_161' title='bbox 867 1841 994 1884; x_wconf 88' lang='lat' dir='ltr'>puto,</span> <span class='ocrx_word' id='word_1_162' title='bbox 1026 1846 1156 1885; x_wconf 89' lang='lat' dir='ltr'>quam</span> <span class='ocrx_word' id='word_1_163' title='bbox 1182 1838 1329 1887; x_wconf 90' lang='lat' dir='ltr'>potius</span> <span class='ocrx_word' id='word_1_164' title='bbox 1354 1835 1575 1890; x_wconf 84' lang='lat' dir='ltr'>vulgarem</span> <span class='ocrx_word' id='word_1_165' title='bbox 1606 1870 1610 1874; x_wconf 32' lang='lat'><em>⁴</em></span> 
     </span>
     <span class='ocr_line' id='line_1_21' title="bbox 177 1905 1575 1958; baseline 0.003 -14"><span class='ocrx_word' id='word_1_166' title='bbox 177 1915 478 1944; x_wconf 84' lang='lat' dir='ltr'>montosamm</span> <span class='ocrx_word' id='word_1_167' title='bbox 510 1907 741 1958; x_wconf 88' lang='lat' dir='ltr'>regionum</span> <span class='ocrx_word' id='word_1_168' title='bbox 779 1905 1133 1958; x_wconf 79' lang='lat' dir='ltr'>appellationem.</span> <span class='ocrx_word' id='word_1_169' title='bbox 1150 1911 1182 1931; x_wconf 86' lang='lat'><em>“</em></span> <span class='ocrx_word' id='word_1_170' title='bbox 1223 1907 1376 1947; x_wconf 87' lang='lat' dir='ltr'>Iacobs</span> <span class='ocrx_word' id='word_1_171' title='bbox 1413 1909 1513 1948; x_wconf 92' lang='lat' dir='ltr'>Vol.</span> <span class='ocrx_word' id='word_1_172' title='bbox 1542 1909 1575 1948; x_wconf 93' lang='lat' dir='ltr'>I.</span> 
     </span>
     <span class='ocr_line' id='line_1_22' title="bbox 179 1980 1579 2036; baseline 0.001 -13"><span class='ocrx_word' id='word_1_173' title='bbox 179 1984 227 2024; x_wconf 88' lang='lat' dir='ltr'>P.</span> <span class='ocrx_word' id='word_1_174' title='bbox 247 1984 279 2022; x_wconf 91' lang='grc' dir='ltr'><strong>Ι.</strong></span> <span class='ocrx_word' id='word_1_175' title='bbox 306 1997 349 2036; x_wconf 88' lang='lat' dir='ltr'>p.</span> <span class='ocrx_word' id='word_1_176' title='bbox 368 1980 460 2028; x_wconf 54' lang='lat'><strong>165.</strong></span> <span class='ocrx_word' id='word_1_177' title='bbox 496 1992 540 2022; x_wconf 85' lang='lat' dir='ltr'>et</span> <span class='ocrx_word' id='word_1_178' title='bbox 564 1996 659 2036; x_wconf 79' lang='lat' dir='ltr'>seq.</span> <span class='ocrx_word' id='word_1_179' title='bbox 709 1983 780 2022; x_wconf 91' lang='lat' dir='ltr'>Sic</span> <span class='ocrx_word' id='word_1_180' title='bbox 804 1982 959 2036; x_wconf 84' lang='lat' dir='ltr'>Polyb.</span> <span class='ocrx_word' id='word_1_181' title='bbox 986 1983 1036 2021; x_wconf 92' lang='lat' dir='ltr'>T.</span> <span class='ocrx_word' id='word_1_182' title='bbox 1058 1983 1130 2022; x_wconf 91' lang='lat' dir='ltr'><strong>III.</strong></span> <span class='ocrx_word' id='word_1_183' title='bbox 1157 1998 1201 2036; x_wconf 89' lang='lat' dir='ltr'>p.</span> <span class='ocrx_word' id='word_1_184' title='bbox 1221 1990 1310 2036; x_wconf 77' lang='lat'><strong>400.</strong></span> <span class='ocrx_word' id='word_1_185' title='bbox 1339 1980 1579 2033; x_wconf 80' lang='grc' dir='ltr'><em>κατέβαινε</em></span> 
     </span>
     <span class='ocr_line' id='line_1_23' title="bbox 180 2054 1576 2115; baseline 0.002 -16"><span class='ocrx_word' id='word_1_186' title='bbox 180 2057 301 2099; x_wconf 79' lang='grc' dir='ltr'><em>κατὰ</em></span> <span class='ocrx_word' id='word_1_187' title='bbox 346 2055 426 2111; x_wconf 70' lang='grc' dir='ltr'>τὴν</span> <span class='ocrx_word' id='word_1_188' title='bbox 469 2055 537 2099; x_wconf 74' lang='grc' dir='ltr'>ἐπὶ</span> <span class='ocrx_word' id='word_1_189' title='bbox 576 2056 636 2099; x_wconf 82' lang='grc' dir='ltr'>τὰ</span> <span class='ocrx_word' id='word_1_190' title='bbox 684 2055 810 2113; x_wconf 81' lang='grc' dir='ltr'><em>πεδία</em></span> <span class='ocrx_word' id='word_1_191' title='bbox 845 2057 1193 2098; x_wconf 81' lang='grc' dir='ltr'><em>κατατείνουσαν</em></span> <span class='ocrx_word' id='word_1_192' title='bbox 1237 2054 1388 2115; x_wconf 76' lang='grc' dir='ltr'><strong>ῥάχιν.</strong></span> <span class='ocrx_word' id='word_1_193' title='bbox 1437 2062 1576 2102; x_wconf 80' lang='lat' dir='ltr'>Strab-</span> 
     </span>
     <span class='ocr_line' id='line_1_24' title="bbox 179 2132 1580 2193; baseline -0.001 -15"><span class='ocrx_word' id='word_1_194' title='bbox 179 2153 224 2193; x_wconf 89' lang='lat' dir='ltr'>p.</span> <span class='ocrx_word' id='word_1_195' title='bbox 240 2145 329 2192; x_wconf 81' lang='lat'><strong>895.</strong></span> <span class='ocrx_word' id='word_1_196' title='bbox 350 2139 402 2178; x_wconf 90' lang='lat' dir='ltr'><strong>A.</strong></span> <span class='ocrx_word' id='word_1_197' title='bbox 427 2134 616 2191; x_wconf 73' lang='grc' dir='ltr'><strong>συνεχὴς</strong></span> <span class='ocrx_word' id='word_1_198' title='bbox 632 2132 776 2193; x_wconf 77' lang='grc' dir='ltr'><strong>ῥάχις.</strong></span> <span class='ocrx_word' id='word_1_199' title='bbox 829 2137 973 2176; x_wconf 86' lang='lat' dir='ltr'>Latini</span> <span class='ocrx_word' id='word_1_200' title='bbox 1007 2139 1068 2174; x_wconf 88' lang='lat' dir='ltr'>sic</span> <span class='ocrx_word' id='word_1_201' title='bbox 1096 2139 1225 2175; x_wconf 86' lang='lat' dir='ltr'>etiam</span> <span class='ocrx_word' id='word_1_202' title='bbox 1253 2133 1430 2178; x_wconf 85' lang='lat' dir='ltr'>dorsum</span> <span class='ocrx_word' id='word_1_203' title='bbox 1459 2137 1580 2179; x_wconf 82' lang='lat' dir='ltr'>adhi-</span> 
     </span>
     <span class='ocr_line' id='line_1_25' title="bbox 179 2209 1580 2265; baseline 0 -13"><span class='ocrx_word' id='word_1_204' title='bbox 179 2211 303 2252; x_wconf 85' lang='lat' dir='ltr'>bent.</span> <span class='ocrx_word' id='word_1_205' title='bbox 327 2213 418 2252; x_wconf 85' lang='lat' dir='ltr'><strong>Liv.</strong></span> <span class='ocrx_word' id='word_1_206' title='bbox 436 2211 469 2251; x_wconf 94' lang='lat'><strong>1.</strong></span> <span class='ocrx_word' id='word_1_207' title='bbox 499 2212 546 2251; x_wconf 93' lang='lat' dir='ltr'>C.</span> <span class='ocrx_word' id='word_1_208' title='bbox 566 2218 604 2259; x_wconf 81' lang='lat'>3.</span> <span class='ocrx_word' id='word_1_209' title='bbox 640 2210 708 2251; x_wconf 91' lang='lat' dir='ltr'>Ab</span> <span class='ocrx_word' id='word_1_210' title='bbox 727 2214 813 2250; x_wconf 89' lang='lat' dir='ltr'>situ</span> <span class='ocrx_word' id='word_1_211' title='bbox 829 2219 1058 2262; x_wconf 82' lang='lat' dir='ltr'>porrectae</span> <span class='ocrx_word' id='word_1_212' title='bbox 1083 2212 1128 2249; x_wconf 86' lang='lat' dir='ltr'>in</span> <span class='ocrx_word' id='word_1_213' title='bbox 1149 2209 1280 2249; x_wconf 87' lang='lat' dir='ltr'>dorso</span> <span class='ocrx_word' id='word_1_214' title='bbox 1301 2211 1419 2251; x_wconf 87' lang='lat' dir='ltr'>urbis</span> <span class='ocrx_word' id='word_1_215' title='bbox 1443 2212 1580 2265; x_wconf 85' lang='lat' dir='ltr'>longa</span> 
     </span>
     <span class='ocr_line' id='line_1_26' title="bbox 181 2283 1582 2338; baseline -0.001 -13"><span class='ocrx_word' id='word_1_216' title='bbox 181 2284 294 2325; x_wconf 81' lang='lat' dir='ltr'>Alba</span> <span class='ocrx_word' id='word_1_217' title='bbox 321 2284 552 2338; x_wconf 87' lang='lat' dir='ltr'>appellata.</span> <span class='ocrx_word' id='word_1_218' title='bbox 608 2284 725 2323; x_wconf 89' lang='lat' dir='ltr'>Curt.</span> <span class='ocrx_word' id='word_1_219' title='bbox 753 2284 802 2322; x_wconf 90' lang='lat' dir='ltr'>L.</span> <span class='ocrx_word' id='word_1_220' title='bbox 821 2283 894 2323; x_wconf 88' lang='lat'><strong>111.</strong></span> <span class='ocrx_word' id='word_1_221' title='bbox 921 2283 1110 2323; x_wconf 90' lang='lat' dir='ltr'>Dorsum</span> <span class='ocrx_word' id='word_1_222' title='bbox 1138 2286 1297 2323; x_wconf 84' lang='lat' dir='ltr'>montis</span> <span class='ocrx_word' id='word_1_223' title='bbox 1325 2284 1582 2324; x_wconf 88' lang='lat' dir='ltr'>imminebat</span> 
     </span>
     <span class='ocr_line' id='line_1_27' title="bbox 183 2356 1580 2410; baseline -0.001 -13"><span class='ocrx_word' id='word_1_224' title='bbox 183 2358 306 2406; x_wconf 86' lang='lat' dir='ltr'>urbi,</span> <span class='ocrx_word' id='word_1_225' title='bbox 335 2369 380 2398; x_wconf 88' lang='lat' dir='ltr'>et</span> <span class='ocrx_word' id='word_1_226' title='bbox 410 2359 458 2397; x_wconf 93' lang='lat' dir='ltr'>L.</span> <span class='ocrx_word' id='word_1_227' title='bbox 479 2358 534 2397; x_wconf 90' lang='lat' dir='ltr'>V.</span> <span class='ocrx_word' id='word_1_228' title='bbox 570 2358 618 2397; x_wconf 92' lang='lat' dir='ltr'>C.</span> <span class='ocrx_word' id='word_1_229' title='bbox 648 2359 687 2403; x_wconf 73' lang='lat'>3.</span> <span class='ocrx_word' id='word_1_230' title='bbox 729 2357 827 2409; x_wconf 89' lang='lat' dir='ltr'>Ipse</span> <span class='ocrx_word' id='word_1_231' title='bbox 865 2370 963 2395; x_wconf 90' lang='lat' dir='ltr'>cum</span> <span class='ocrx_word' id='word_1_232' title='bbox 992 2356 1194 2408; x_wconf 83' lang='lat' dir='ltr'>expedito</span> <span class='ocrx_word' id='word_1_233' title='bbox 1223 2360 1396 2410; x_wconf 87' lang='lat' dir='ltr'>agmine</span> <span class='ocrx_word' id='word_1_234' title='bbox 1430 2360 1580 2410; x_wconf 86' lang='lat' dir='ltr'>iugum</span> 
     </span>
     <span class='ocr_line' id='line_1_28' title="bbox 183 2429 1582 2483; baseline -0.001 -13"><span class='ocrx_word' id='word_1_235' title='bbox 183 2435 398 2470; x_wconf 86' lang='lat' dir='ltr'>montium</span> <span class='ocrx_word' id='word_1_236' title='bbox 441 2433 577 2483; x_wconf 87' lang='lat' dir='ltr'>cepit,</span> <span class='ocrx_word' id='word_1_237' title='bbox 622 2443 808 2482; x_wconf 89' lang='lat' dir='ltr'>quorum</span> <span class='ocrx_word' id='word_1_238' title='bbox 843 2439 1105 2482; x_wconf 89' lang='lat' dir='ltr'>perpetuum</span> <span class='ocrx_word' id='word_1_239' title='bbox 1142 2429 1319 2469; x_wconf 87' lang='lat' dir='ltr'>dorsum</span> <span class='ocrx_word' id='word_1_240' title='bbox 1360 2432 1409 2468; x_wconf 91' lang='lat' dir='ltr'>in</span> <span class='ocrx_word' id='word_1_241' title='bbox 1444 2431 1582 2469; x_wconf 90' lang='lat' dir='ltr'>Persi-</span> 
     </span>
     <span class='ocr_line' id='line_1_29' title="bbox 187 2500 1580 2543; baseline -0.001 -2"><span class='ocrx_word' id='word_1_242' title='bbox 187 2502 287 2541; x_wconf 90' lang='lat' dir='ltr'>dem</span> <span class='ocrx_word' id='word_1_243' title='bbox 332 2507 526 2542; x_wconf 87' lang='lat' dir='ltr'>excurrit.</span> <span class='ocrx_word' id='word_1_244' title='bbox 588 2503 690 2543; x_wconf 87' lang='lat' dir='ltr'>vid.</span> <span class='ocrx_word' id='word_1_245' title='bbox 737 2506 867 2541; x_wconf 85' lang='lat' dir='ltr'>etiam</span> <span class='ocrx_word' id='word_1_246' title='bbox 900 2500 1089 2541; x_wconf 80' lang='lat' dir='ltr'>Schiitzii</span> <span class='ocrx_word' id='word_1_247' title='bbox 1134 2512 1229 2542; x_wconf 89' lang='lat' dir='ltr'>not.</span> <span class='ocrx_word' id='word_1_248' title='bbox 1269 2502 1325 2541; x_wconf 87' lang='lat' dir='ltr'>ad</span> <span class='ocrx_word' id='word_1_249' title='bbox 1359 2501 1580 2540; x_wconf 85' lang='lat' dir='ltr'>Prometh.</span> 
     </span>
     <span class='ocr_line' id='line_1_30' title="bbox 184 2574 1583 2634; baseline -0.002 -15"><span class='ocrx_word' id='word_1_250' title='bbox 184 2594 224 2619; x_wconf 82' lang='lat' dir='ltr'>v.</span> <span class='ocrx_word' id='word_1_251' title='bbox 245 2580 344 2631; x_wconf 81' lang='lat'><strong><em>726,</em></strong></span> <span class='ocrx_word' id='word_1_252' title='bbox 399 2580 478 2621; x_wconf 86' lang='lat' dir='ltr'>ubi</span> <span class='ocrx_word' id='word_1_253' title='bbox 513 2578 750 2634; x_wconf 79' lang='lat' dir='ltr'>Aeschylus</span> <span class='ocrx_word' id='word_1_254' title='bbox 796 2581 900 2633; x_wconf 87' lang='lat' dir='ltr'>iuga</span> <span class='ocrx_word' id='word_1_255' title='bbox 933 2581 1093 2618; x_wconf 87' lang='lat' dir='ltr'>montis</span> <span class='ocrx_word' id='word_1_256' title='bbox 1130 2577 1317 2618; x_wconf 85' lang='lat' dir='ltr'>editiora</span> <span class='ocrx_word' id='word_1_257' title='bbox 1350 2574 1583 2630; x_wconf 79' lang='grc' dir='ltr'><em>κρόταφον</em></span> 
     </span>
     <span class='ocr_line' id='line_1_31' title="bbox 187 2650 1582 2705; baseline 0 -15"><span class='ocrx_word' id='word_1_258' title='bbox 187 2651 305 2690; x_wconf 82' lang='lat' dir='ltr'>dicit.</span> <span class='ocrx_word' id='word_1_259' title='bbox 389 2651 524 2703; x_wconf 87' lang='lat' dir='ltr'>Quod</span> <span class='ocrx_word' id='word_1_260' title='bbox 572 2655 761 2692; x_wconf 84' lang='lat' dir='ltr'>imitatus</span> <span class='ocrx_word' id='word_1_261' title='bbox 815 2661 880 2692; x_wconf 89' lang='lat' dir='ltr'>est</span> <span class='ocrx_word' id='word_1_262' title='bbox 928 2650 1112 2691; x_wconf 83' lang='lat' dir='ltr'>Philiad.</span> <span class='ocrx_word' id='word_1_263' title='bbox 1156 2652 1404 2705; x_wconf 82' lang='lat' dir='ltr'>Megareus.</span> <span class='ocrx_word' id='word_1_264' title='bbox 1453 2650 1582 2690; x_wconf 86' lang='lat' dir='ltr'>Anal.</span> 
     </span>
     <span class='ocr_line' id='line_1_32' title="bbox 184 2720 1585 2783; baseline 0.001 -16"><span class='ocrx_word' id='word_1_265' title='bbox 184 2728 332 2769; x_wconf 85' lang='lat' dir='ltr'><strong>T.111.</strong></span> <span class='ocrx_word' id='word_1_266' title='bbox 364 2742 408 2781; x_wconf 84' lang='lat' dir='ltr'>p.</span> <span class='ocrx_word' id='word_1_267' title='bbox 428 2735 517 2782; x_wconf 82' lang='lat'><strong>329.</strong></span> <span class='ocrx_word' id='word_1_268' title='bbox 571 2722 745 2783; x_wconf 70' lang='grc' dir='ltr'>Ἄνδρες</span> <span class='ocrx_word' id='word_1_269' title='bbox 785 2725 857 2769; x_wconf 83' lang='grc' dir='ltr'>τοί</span> <span class='ocrx_word' id='word_1_270' title='bbox 893 2730 994 2769; x_wconf 73' lang='grc' dir='ltr'><em>ποτ’</em></span> <span class='ocrx_word' id='word_1_271' title='bbox 1031 2723 1174 2769; x_wconf 78' lang='grc' dir='ltr'><em>ἔναιον</em></span> <span class='ocrx_word' id='word_1_272' title='bbox 1217 2720 1302 2767; x_wconf 81' lang='grc' dir='ltr'>ὑπὸ</span> <span class='ocrx_word' id='word_1_273' title='bbox 1342 2724 1585 2782; x_wconf 72' lang='grc' dir='ltr'><em>κροτάφοις</em></span> 
     </span>
    </p>
   </div>
   <div class='ocr_carea' id='block_1_4' title="bbox 118 2800 439 2853">
    <p class='ocr_par' dir='ltr' id='par_1_4' title="bbox 118 2800 439 2853">
     <span class='ocr_line' id='line_1_33' title="bbox 118 2800 439 2853; baseline -0.012 -6"><span class='ocrx_word' id='word_1_274' title='bbox 118 2843 122 2847; x_wconf 93' lang='grc'><strong>.</strong></span> <span class='ocrx_word' id='word_1_275' title='bbox 184 2800 439 2853; x_wconf 80' lang='grc' dir='ltr'><strong>Ἑλικῶνος.</strong></span> 
     </span>
    </p>
   </div>
   <div class='ocr_carea' id='block_1_5' title="bbox 1059 2880 1090 2916">
    <p class='ocr_par' dir='ltr' id='par_1_5' title="bbox 1059 2880 1090 2916">
     <span class='ocr_line' id='line_1_34' title="bbox 1059 2880 1090 2916; baseline 0 0"><span class='ocrx_word' id='word_1_276' title='bbox 1059 2880 1090 2916; x_wconf 83' lang='lat' dir='ltr'><strong>F</strong></span> 
     </span>
    </p>
   </div>
  </div>
 </body>
</html>
