1846 3308
643 314 713 324 -
797 292 1035 362 1437-

193 425 312 483 Ἐγὼ
344 424 431 482 γὰρ
459 420 576 477 (ἂν)
604 420 813 469 κώθωνος
840 417 889 461 ἐκ
919 411 1225 474 ςρεψαύχενος

194 504 350 560 Πίοιμι
377 507 480 560 (pro
506 499 719 556 πιοίμαν)
754 495 833 539 τὸν
869 492 1103 552 τράχηλον
1134 491 1537 551 ἀνακεκλασμένας.

139 587 278 627 Porro
315 579 477 623 κώθων
511 584 642 622 etiam
688 591 769 631 pro
818 580 914 630 ipsa
958 578 1287 628 compotatione
1329 582 1533 630 ponitur:

139 656 426 717 ’Δσύμβολον
443 655 636 699 κῶθωνα
655 651 719 709 μὴ
738 649 1075 708 παραλέμπανεε
1104 651 1207 691 alias
1234 651 1536 707 κωθωνισμὸς,

144 737 202 777 de
220 749 308 790 quo
328 744 445 776 recte
464 729 734 772 instituendo
753 726 1025 767 Mnesitheus
1050 725 1244 765 medicus
1260 724 1535 768 Atheniensis

144 809 373 861 epistolam
412 807 602 859 scripsit,
656 806 776 842 cuius
808 811 978 854 partem
1021 798 1163 838 adfert
1194 796 1406 839 Athenae.
1433 801 1481 839 L.
1500 802 1534 841 Ι.

140 882 326 936 μθῡ·
389 926 392 929 ,

251 1011 391 1068 ῥοῆς
418 1008 515 1052 διὰ
540 1005 803 1063 σέλματα
832 1003 969 1061 νηός.
996 1008 1066 1047 Sic
1082 1005 1280 1060 Aeschyl.
1308 1008 1424 1048 Pers.
1444 1017 1534 1056 555.

143 1088 406 1147 Σέλμασι
447 1085 604 1129 Neam
650 1082 981 1138 ἐπενθορόντες,
1022 1076 1176 1130 ’ἄλλος
1208 1075 1387 1125 ’ἄλλοσε
1424 1085 1537 1140 Δρα-

144 1168 246 1224 σμᾳῖ
270 1165 478 1225 κρυφαίῳ
507 1163 662 1216 βίοτον
696 1160 981 1204 έκσωσαίατο.
1047 1159 1157 1214 Νῆες
1187 1156 1293 1201 θοαὶ
1322 1155 1539 1205 εῑέὲῦσελ-

143 1261 220 1303 μοι
259 1253 307 1290 in
333 1249 529 1288 Homero
561 1247 718 1298 passim
753 1243 922 1282 obviae.
980 1241 1111 1280 Unde
1148 1238 1295 1296 σέλμα
1328 1256 1408 1296 pro
1445 1247 1539 1295 ipsa

143 1327 244 1364 navi
291 1324 486 1361 sumitur.
562 1316 794 1358 Archimel.
852 1318 986 1368 epigr.
1036 1315 1162 1354 Anal.
1213 1317 1266 1355 T.
1298 1316 1350 1355 H.
1396 1330 1438 1368 p.
1473 1318 1537 1367 64.

62 1428 66 1433 -
144 1399 222 1447 Τίς
249 1394 350 1438 τόδε
379 1392 526 1451 σέλμα
556 1390 757 1449 πέλωρον
786 1388 855 1433 έπὶ
881 1385 1051 1445 χθονὸς
1080 1386 1240 1432 εἵσατο.
1270 1402 1313 1432 et
1338 1396 1399 1433 sic
1428 1393 1536 1433 ibid.

145 1488 183 1514 v.
211 1487 281 1526 17,
311 1479 371 1519 18.

226 1608 355 1646 ·V.2.
401 1598 628 1658 Πὼ”ματ’
668 1594 896 1653 ἄφελκε
933 1593 1130 1638 κάδων.
1204 1598 1424 1644 Vi‚del.e.
1472 1600 1539 1638 Ia-

149 1679 269 1728 cobs‚
297 1683 373 1734 qui
391 1680 562 1720 Horatii
581 1677 703 1717 locos
728 1674 875 1714 similis
899 1675 1139 1712 sententiae
1161 1673 1207 1711 L.
1220 1672 1252 1711 I.
1283 1671 1446 1720 Od.35‚
1474 1686 1539 1724 27.

146 1753 286 1792 LIII.
317 1752 402 1792 Od.
420 1755 469 1800 8,
495 1764 533 1803 9.
564 1761 605 1790 et
627 1748 711 1788 Od.
736 1752 795 1793 15.
822 1760 861 1785 v.
886 1746 945 1785 16.
974 1748 1077 1784 item
1106 1743 1326 1784 Theocrit.
1355 1745 1479 1797 Idyll.
1497 1760 1538 1797 7,

148 1839 188 1864 v.
209 1838 234 1877 7
262 1835 304 1864 et
328 1829 412 1875 ¹47·
434 1823 616 1863 confert.
667 1820 794 1860 Adde
812 1817 1035 1857 Tibullum
1061 1819 1107 1856 L.
1127 1818 1189 1865 Π,
1221 1832 1265 1866 1,
1293 1831 1355 1869 27.

283 1914 413 1951 Nunc
437 1910 542 1950 mihi
569 1911 787 1949 fumosum
812 1911 966 1947 veteris
992 1907 1183 1960 proferte
1210 1906 1440 1945 Falernum

371 1982 570 2024 Consulis
597 1993 640 2022 et
667 1982 776 2021 Chio
804 1981 956 2020 solvite
982 1979 1123 2019 vincla
1151 1979 1276 2019 cado.

250 2095 360 2142 V.3.
395 2085 565 2132 Οἶνον
606 2088 862 2146 ἐρυθρόν.
913 2090 1162 2132 Athenaeus
1198 2091 1245 2129 L.
1266 2089 1300 2128 I.
1332 2103 1380 2142 Vp.
1398 2097 1461 2136 32.
1492 2090 1540 2129 C.

148 2176 248 2212 vina
273 2175 401 2211 trium
429 2171 630 2211 colorum
656 2184 747 2210 esse
771 2170 896 2209 dicit:
932 2165 1021 2207 τῶν
1050 2162 1175 2207 οἴνων
1206 2162 1227 2206 ὁ
1258 2162 1339 2220 μὲν
1372 2161 1543 2218 λευκὸς,

151 2245 175 2288 ὁ
206 2244 251 2288 δὲ
278 2242 443 2304 κιρῥὸς,
477 2243 499 2288 ὁ
527 2243 572 2287 δὲ
598 2243 759 2302 μέλας,
789 2247 846 2287 ad
872 2260 1002 2299 quem
1030 2241 1052 2284 ὁ
1079 2240 1262 2299 ἐρυθρὸς
1285 2245 1543 2285 referendus

153 2337 230 2367 est.
281 2329 351 2367 Sic
370 2327 550 2366 Homer.
570 2338 702 2380 quem
723 2324 876 2378 Odyss.
898 2336 924 2361 ι.
954 2337 992 2363 v.
1016 2324 1100 2376 196.
1128 2317 1303 2377 μέλανα
1325 2313 1440 2362 οἶνον
1466 2336 1543 2362 vo-

154 2413 246 2452 cat,
271 2417 309 2442 v.
330 2410 416 2450 208·
444 2398 656 2457 μελιηδέα
680 2393 794 2442 οἶνον
813 2396 998 2455 ἐρυθρὸν
1027 2402 1230 2454 appellat.
1262 2411 1306 2440 et
1326 2400 1433 2440 ibid.
1456 2401 1541 2445 165.

154 2480 210 2519 de
249 2481 426 2520 eodem:
467 2473 519 2522 οὗ
561 2478 647 2535 γάρ
686 2493 755 2521 πω
792 2477 906 2532 νηῶν
944 2470 1161 2531 ἐξέφθιτο
1201 2470 1313 2524 οἶνος
1351 2472 1544 2530 ἐρυθρός.

150 2555 259 2594 Aliis
276 2559 323 2594 in
345 2556 452 2596 locis
474 2559 663 2598 eundem
691 2553 860 2598 αἴθοπα
887 2557 1003 2596 dicit.
1042 2556 1255 2596 Athenae.
1285 2556 1332 2593 L.
1351 2554 1383 2592 I.
1412 2553 1473 2591 26.
1494 2552 1543 2588 B.

153 2627 373 2670 Ἐπαινῶν
410 2629 455 2671 δὲ
476 2627 672 2690 ’Όμηρος
698 2633 776 2676 τὸν
806 2630 983 2688 μέλανα
1014 2624 1128 2673 οἶνον
1158 2626 1380 2675 πολλάκις
1409 2619 1545 2666 αὐτὸν

156 2704 231 2747 καὶ
254 2702 422 2748 αἴθοπα
442 2706 588 2751 καλεῖ.
614 2709 976 2767 δυναμικώτατος
1005 2706 1090 2764 γάρ
1112 2707 1195 2759 έςι,
1226 2702 1300 2747 καὶ
1328 2701 1469 2759 μένων
1501 2700 1544 2742 ἐν

157 2783 255 2835 ταῖς
275 2777 391 2835 ἕξεσι
411 2784 501 2827 τῶν
521 2785 733 2829 πινόντων
759 2785 938 2838 πλεῖςον
957 2786 1136 2843 χρόνον.
