1846 3308
306 560 445 609 Ἀλλ’
479 559 640 618 ἄλλος
678 558 831 624 ἄλλῳ
865 557 1077 628 καρδίην
1121 558 1344 609 ἰαίνεται.

311 727 406 775 Sed
453 726 580 773 alius
627 725 737 773 aliis
782 724 933 771 rebus
969 724 1197 770 animum
1230 738 1429 785 recreat.

258 888 428 930 (Bu-unck
444 888 547 918 Anal.
572 889 609 917 T.
628 888 655 917 Ι.
677 898 710 925 p.
728 893 777 924 45.
799 887 842 917 fr.
860 893 908 922 55.
930 887 1051 918 lacobs
1071 887 1149 917 Vol.
1170 888 1197 917 1.
1222 889 1260 918 Ρ.
1279 890 1306 918 Ῑ.
1336 898 1370 927 p.
1393 890 1483 929 171.)

273 953 473 992 Clemens
492 952 722 991 Alexandr.
742 953 897 991 Strorn.
915 951 988 990 VI.
1008 966 1052 1004 p.
1074 959 1165 1003 739,
1193 966 1256 992 20.
1282 947 1568 1007 ’Δρχιλόχου

174 1026 219 1069 δὲ
236 1024 392 1082 ὁμοίως
416 1024 651 1081 εἰρηκότος,
679 1023 807 1068 Ἀλλ’
826 1021 968 1076 ἄλλος
987 1021 1030 1067 ἅ.
1054 1042 1093 1067 κ.
1115 1027 1143 1068 ι’.
1174 1025 1295 1083 παρὰ
1324 1026 1376 1069 τὸ
1394 1025 1570 1087 Ὁμηρι-

172 1103 277 1152 κὸν,
321 1099 491 1154 ’Δλλος
518 1101 603 1159 γάρ
641 1102 681 1145 τ’
723 1099 930 1146 ἄλλοισιν
972 1102 1077 1161 ἀνὴρ
1117 1103 1396 1164 ἐπιτέρπεται
1432 1104 1573 1163 ἔργοις

172 1176 343 1239 (Ody‘ss.
372 1174 415 1230 ξ.
444 1184 563 1236 223.)
612 1185 722 1224 Item
749 1186 1128 1237 Sext.-Empiricus
1154 1187 1201 1225 L.
1232 1187 1306 1227 xl.
1340 1201 1384 1239 p.
1404 1189 1502 1240 699,
1530 1193 1570 1239 4

175 1269 326 1298 contra
358 1257 611 1297 Mathemat.
644 1257 761 1297 hunc
791 1259 937 1299 locum
977 1273 1027 1298 ex
1063 1264 1273 1299 memoria
1308 1260 1449 1300 adfert
1487 1264 1570 1301 sic:

34 1345 52 1362 ⁸
122 1391 124 1393 V
163 1325 336 1379 ’Δλλος
356 1326 489 1386 ἄλλῳ
522 1330 587 1374 ἐπ’
607 1329 720 1387 ἔργῳ
744 1331 921 1391 καρδίην
944 1331 1140 1374 ἰαίνεται.
1168 1336 1246 1375 ubi
1273 1347 1391 1376 recte
1427 1349 1574 1378 tamen

174 1408 354 1466 καρδίην
382 1413 483 1452 loco
512 1408 716 1466 κραδίην,
746 1415 869 1468 quod
885 1418 933 1454 in
957 1415 1185 1459 Clemente,
1213 1423 1298 1461 est,
1325 1413 1496 1468 legitur.

285 1487 564 1529 Ἰαίνεται.
620 1493 713 1541 Cf.,
752 1506 862 1545 quos
890 1491 946 1531 ad
972 1490 1057 1530 hoc
1084 1490 1260 1529 verbum
1291 1494 1392 1530 citat
1418 1493 1572 1533 Iacobs

171 1567 205 1629 ¹.-
234 1582 297 1614 c.,
336 1568 708 1610 Hemsterhusium
742 1570 799 1610 ad
827 1567 1091 1623 Hesychium
1119 1581 1157 1607 v.
1196 1563 1413 1607 ἰαίνεσθαι
1448 1570 1499 1608 Τ.
1519 1571 1573 1610 11.

174 1626 277 1695 1124
306 1652 350 1681 et
370 1642 629 1682 Valckenar.
661 1643 716 1682 ad
736 1642 945 1682 Herodot.
969 1642 1002 1681 Ι.
1030 1648 1089 1688 13.
1117 1655 1160 1694 p.
1182 1655 1255 1690 22,
1284 1642 1345 1681 26.
1368 1642 1572 1683 Gataker.

177 1718 235 1758 ad
250 1719 314 1759 M.
338 1720 548 1760 Antonin.
567 1720 679 1759 VIII.
706 1735 750 1773 p.
771 1726 859 1767 253.
913 1720 1115 1758 Ceterum
1135 1717 1245 1758 haec
1263 1717 1443 1771 phrasis,
1471 1732 1574 1774 καρ-

179 1789 286 1846 δίην,
316 1792 473 1850 φρένα.
502 1793 664 1850 θυμὸν,
700 1785 824 1851 ἦτορ,
855 1791 1009 1850 φρεσὶν
1033 1792 1250 1835 ἰαίνεσθαι
1276 1799 1362 1835 iam
1388 1798 1494 1842 inde
1517 1798 1572 1837 ab

178 1872 374 1913 Homero
396 1877 535 1926 poetis
561 1875 798 1915 admodum
817 1885 1034 1928 usurpata.
1086 1875 1135 1914 Il.
1157 1886 1198 1913 τ.
1216 1879 1280 1927 74.
1309 1870 1361 1913 σὺ
1393 1869 1436 1912 δὲ
1467 1872 1576 1929 φρε-

178 1942 246 1986 σὶν
276 1936 371 2000 ἧσιν
403 1945 569 2003 ἰάνθης.
622 1953 775 2007 Odyss.
802 1964 855 2005 χ.
870 1959 943 2004 -59.
980 1947 1122 1991 εἰσόκε
1146 1946 1220 1990 σὸν
1249 1948 1330 2003 κῆρ
1353 1947 1500 2003 ἰανθῇ.
1530 1962 1574 1991 et

178 2024 337 2078 Hymn.
368 2030 415 2065 in
436 2028 532 2068 Cer.
561 2042 599 2068 v.
619 2030 683 2075 65.
720 2023 749 2082 ἧ
778 2024 871 2069 ἔπει
898 2023 927 2082 ἧ
954 2023 1066 2083 ’ἔργῳ
1099 2025 1276 2082 κραδίην
1310 2025 1384 2067 καὶ
1422 2024 1571 2083 θυμὸν

179 2093 291 2157 ἴηνα.
343 2103 499 2144 Anacr.
517 2104 616 2144 Ode
634 2112 699 2157 39.

790 2336 962 2380 XXVI.

312 2429 439 2477 Kdr'
474 2426 617 2481 οἶκον
654 2430 943 2504 ἐςρωφᾶτο
979 2430 1226 2496 δυσμενὴς
1256 2429 1453 2495 βὰβαξ.

317 2585 516 2635 Blatere
549 2586 783 2636 inimicus
820 2588 1111 2638 circumibat
1143 2590 1200 2637 in
1234 2591 1403 2639 domo.

261 2736 401 2777 Orion
418 2737 652 2781 Thebanus
673 2745 719 2781 in
730 2742 915 2795 Etymol.
928 2743 1009 2782 Ms.
1028 2758 1050 2783 a
1067 2744 1333 2784 Ruhnkenio
1356 2748 1506 2784 citatus
1524 2749 1571 2785 in

182 2811 387 2854 Auct'ario
400 2814 605 2869 Hesychii
624 2817 680 2856 ad
697 2831 848 2858 vocem
870 2812 1031 2870 βάβαξ
1058 2836 1100 2872 p.
1118 2823 1206 2874 670.
1232 2811 1416 2871 βάβαξ·
1446 2818 1468 2861 ὁ
1494 2817 1571 2862 λά-

1036 2894 1076 2931 G
