1846 3308
156 333 1411 346 -ffl—w——ruae—
1414 337 1443 341 ..-

259 929 1364 990 PRAEFATIO.

121 1203 193 1276 Si
225 1215 300 1272 ad
330 1214 715 1272 excusandam
745 1214 897 1269 hanc
926 1232 1189 1289 operam,
1241 1234 1417 1289 quam
1452 1219 1515 1274 in

120 1316 451 1394 colligendis
471 1329 530 1370 et
546 1312 896 1370 illustrandis
914 1313 1242 1368 Archilochi
1264 1315 1515 1388 reliquiis

119 1402 320 1491 posui,
369 1413 537 1468 aliam
561 1414 848 1467 rationem
871 1409 1093 1466 adferre
1118 1431 1240 1465 non
1268 1431 1514 1486 possem,

122 1514 232 1568 nisi
279 1511 608 1589 exemplum
660 1528 1007 1584 magnorum
1066 1511 1356 1580 virorum,
1417 1515 1519 1586 qui

121 1610 447 1685 fragmenta
479 1623 747 1664 veterum
788 1621 1094 1662 auctorum
1129 1607 1368 1662 collecta
1405 1609 1519 1664 edi-

126 1707 288 1776 dere,
345 1727 713 1782 quorumque
748 1707 987 1779 vesu'gia
1033 1707 1221 1778 sequi,
1284 1705 1419 1761 licet
1449 1709 1518 1763 iis

124 1807 384 1860 insistere
403 1807 547 1860 mihi
569 1826 691 1860 non
716 1807 790 1860 sit
814 1823 1165 1873 concessum,
1205 1804 1520 1868 honestum

126 1916 242 1957 est:
280 1901 544 1977 profecto
569 1923 860 1980 sperarem
881 1901 1036 1971 fore,
1081 1916 1151 1958 ut
1186 1923 1219 1957 a
1247 1904 1409 1958 iustis
1439 1924 1521 1957 re-

125 2020 256 2055 rum
283 2002 747 2057 aestimatoribus
769 2014 1009 2056 conatus
1032 2000 1128 2055 hic
1156 2021 1318 2055 meus
1353 2003 1523 2074 acqui

124 2098 384 2173 bonique
410 2099 834 2169 consuleretur,
873 2118 1064 2172 neque
1091 2098 1234 2153 mihi
1253 2098 1523 2157 obiicere-

126 2210 254 2266 tur,
313 2217 409 2252 me
462 2199 765 2271 negotium
820 2216 1031 2272 parum
1075 2196 1376 2270 probabile
1431 2198 1524 2253 vel

125 2315 364 2370 prorsus
392 2296 600 2351 inutile
637 2297 966 2371 suscepisse.
1047 2296 1262 2349 Verum
1298 2310 1436 2351 sunt
1466 2310 1526 2351 et

129 2392 262 2461 alia,
298 2413 447 2466 quae
469 2393 626 2449 hunc
655 2394 917 2449 laborem
950 2392 1216 2462 suadere,
1263 2393 1337 2448 ad
1371 2415 1527 2449 eum-

129 2509 242 2562 que
265 2492 505 2546 incitare
529 2495 771 2567 possint.
853 2493 1007 2546 Nam
1028 2504 1098 2546 ut
1121 2493 1390 2546 omittam
1414 2493 1526 2546 uti-

130 2586 380 2657 litatem,
417 2610 565 2663 quae
592 2590 653 2665 id
688 2608 868 2664 genus
902 2588 1337 2644 collectionibus
1374 2609 1527 2644 com·

128 2687 320 2739 munis
349 2701 465 2756 est,
509 2702 569 2744 et
592 2689 663 2744 de
685 2709 801 2763 qua
824 2689 934 2743 viri
958 2687 1114 2742 docti
1136 2689 1197 2740 in
1220 2686 1529 2761 praefatio-

129 2782 302 2838 nibus
333 2768 533 2841 eaium
554 2790 767 2862 passim
791 2799 1218 2862 exposuerunt,
1254 2784 1397 2839 illud
1425 2789 1528 2842 Ar-

1006 2883 1032 2912 πρ
