1846 3308
658 294 725 308 ..-
800 277 894 327 195
964 294 1031 306 ..-

142 423 238 450 non
272 404 431 450 fuerit?
472 408 543 449 An
578 402 662 457 «5¹52
690 406 943 445 coniunctio
988 414 1076 453 est,
1124 414 1167 444 et
1200 399 1323 455 δίκην
1358 407 1546 462 intelligi

141 497 286 540 potest
310 479 448 536 (ὄνου
478 481 599 535 δίκην
628 477 980 535 ἐπλὴμμυρον)ῗ
1030 481 1119 519 Sed
1146 481 1240 521 talis
1278 482 1439 536 ellipsis
1474 490 1544 526 vix

143 559 299 608 obvia,
343 568 387 598 et
412 558 515 598 hinc
539 555 650 597 nihil
676 558 782 594 certi
807 563 997 594 statuere
1024 551 1183 593 habeo.

253 631 536 685 Κήλωνος.
587 629 768 685 Etymol.
796 633 835 670 vi
863 623 1023 682 κῆλον·
1053 649 1108 657 -
1136 624 1288 682 κήλων
1310 630 1395 687 γὰρ
1418 629 1542 689 λέγε.

142 725 218 753 ται
240 709 262 752 ὁ
282 707 446 767 θερμὸς
468 708 525 757 εἰς
547 704 795 753 συνουσίαν,
819 702 940 761 παρὰ
958 701 1036 746 τὸν
1061 702 1181 758 nqueo
1202 703 1447 762 μέλλοντα.
1470 711 1539 767 δη-

144 786 223 832 λοῖ
244 788 297 832 τὸ
318 786 483 830 nauum.
506 799 550 829 et
574 802 613 827 v.
638 780 864 839 βάκηλος·
896 805 952 814 --
979 779 1131 837 κὴλων
1155 781 1240 839 γὰρ
1271 783 1324 827 τὸ
1351 787 1541 832 αἰδοῖον·

143 862 272 909 ἔνθεν
311 863 386 908 καὶ
416 861 566 920 κήλων
605 856 702 912 ὄνος
739 859 763 906 ὁ
795 858 1134 911 συνουσιαςικός.
1195 863 1326 906 Unde
1363 884 1540 925 quoque

142 947 236 986 Pan
257 959 281 985 a
297 946 475 984 Cratino
494 937 644 995 κήλων
662 942 814 982 dictus.
850 940 917 979 Cf.
928 939 1072 979 Vaun.
1090 940 1193 979 crit.
1210 940 1392 983 Dorvill.
1421 961 1460 998 p.
1472 954 1540 996 53.

144 1021 220 1072 qui
246 1017 397 1057 laudat
419 1017 526 1057 Isac.
544 1016 666 1056 Voss.
698 1013 755 1053 ad
774 1012 930 1053 Catull.
956 1026 1000 1065 p.
1024 1013 1108 1053 162.
1139 1023 1183 1052 et
1199 1014 1457 1073 Wesseling.
1480 1022 1539 1062 ad,

140 1090 414 1131 Itinerarium
433 1089 644 1129 Antonin.
665 1101 710 1141 p.
727 1088 817 1139 641.

239 1160 702 1221 Ὀτρυγηφὰγου.
765 1163 880 1203 Vide
904 1162 1043 1216 Etym.
1065 1163 1127 1202 M.
1163 1163 1190 1202 l.
1214 1177 1248 1202 c.
1270 1164 1534 1220 Hesychius:

138 1240 513 1298 Ὀτρυγηφὰγος·
555 1237 760 1297 περιττὸν
799 1237 852 1280 τὸ
883 1252 919 1280 ο.
949 1234 1089 1294 τρὺγη
1127 1235 1212 1294 γὰρ
1241 1236 1263 1279 ὁ
1303 1238 1423 1289 σῖτος
1461 1241 1536 1284 καὶ

139 1319 319 1376 χόρτος.
390 1321 446 1360 Et
477 1321 645 1361 lexicon
672 1319 766 1359 MS.
792 1315 960 1365 Photii,
999 1317 1122 1370 quod
1150 1316 1319 1358 Alberti
1358 1325 1536 1364 excitat:

138 1393 516 1452 Ὀτρυγηφάγον,
579 1393 657 1437 τὸν
696 1387 995 1448 κριθοφάγον.
1072 1388 1374 1449 Ἀρχίλοχος,
1415 1395 1534 1438 κατὰ

139 1467 422 1527 πλεονασμὸν
461 1470 542 1515 τοῦ
582 1486 619 1514 ο.
656 1469 798 1529 τρὺγη
838 1468 924 1525 γὰρ
964 1466 986 1510 ὁ
1024 1467 1319 1525 δημητριακὸς
1355 1473 1534 1529 καρπός.

139 1557 244 1595 Sine
273 1554 557 1608 pleonastic03
581 1562 604 1591 ο
637 1554 770 1591 utitur
797 1548 879 1589 hac
914 1562 1023 1590 voce
1053 1549 1307 1591 Plutarchus
1340 1553 1388 1592 L.
1417 1554 1532 1596 VIII.

140 1630 287 1672 Probl.
314 1626 354 1683 ἡ.
380 1631 433 1670 Τ.
461 1630 575 1669 VIII.
600 1643 644 1682 p.
664 1640 776 1682 91‘2..

245 1702 667 1762 Ἐπλήμμυρον.
733 1705 922 1762 Hesych.
948 1698 1243 1759 Πλημμὺρει·
1283 1703 1530 1762 πέπληθεν.

138 1785 348 1839 Apollon.
383 1785 493 1825 Rod.
530 1786 579 1825 L.
612 1786 688 1826 IV.
717 1789 806 1836 704.
853 1777 1006 1837 Μαζοὶ
1052 1775 1323 1838 πλήμμυρον
1370 1781 1533 1841 λοχίης

141 1857 192 1902 ἐκ
222 1858 385 1916 νηδύος.

733 2097 929 2142 LXXX.

116 2168 118 2170 V
139 2192 447 2255 Πεντὴκοντ’
460 2189 665 2265 ἀνδρῶν
684 2192 799 2244 λίπε
814 2195 1068 2266 Κοίρανον
1088 2191 1230 2255 ἤπιος
1241 2195 1527 2248 Ποσειδῶν.

142 2361 224 2406 Ex
268 2359 635 2425 quinquaginta
685 2358 807 2409 viris
851 2360 1058 2424 reliquit
1102 2365 1385 2411 Coeranum
1436 2365 1530 2412 cle-

788 2467 932 2498 mens
966 2455 1254 2515 Neptunus.

242 2608 458 2650 Plutarch.
486 2611 542 2652 de
561 2613 747 2654 Solertia
777 2612 1030 2654 animalium
1058 2615 1111 2654 T.
1130 2614 1188 2654 X.
1214 2628 1260 2667 p.
1278 2627 1343 2667 97.
1370 2614 1448 2655 ubi
1476 2616 1534 2657 de

144 2697 292 2724 amore
312 2683 619 2738 delphinorum
643 2703 745 2744 erga
764 2688 964 2730 homines
981 2704 1124 2731 sermo
1143 2701 1228 2732 est:
1255 2689 1335 2730 Ἐκ
1364 2687 1410 2731 δὲ
1435 2686 1535 2733 τοῦ-

143 2772 225 2802 ‘rou
263 2756 338 2800 καὶ
376 2758 437 2801 τὰ
475 2758 573 2817 περὶ
610 2763 824 2818 Κοίρανον
866 2760 977 2806 ὅντα
1014 2763 1201 2820 μυθώδη
1248 2763 1362 2817 πίςιν
1410 2764 1532 2824 ἔσχε.

936 2840 978 2877 N
1004 2853 1031 2877 2
1338 2843 1343 2847 ’
