1846 3308
771 295 851 306 -->
912 278 1004 318 166
1075 299 1141 306 —-

271 404 440 450 κλαίειν
474 403 585 460 ὁρῶν
626 403 706 455 τάς
745 403 881 460 ςηλας
910 405 1001 448 τῶν
1039 406 1266 462 πατρικῶν
1298 395 1384 463 μου
1426 407 1669 454 ἂπελευθὲι

209 521 212 524 .
272 498 356 541 ρων
404 482 477 524 καὶ
523 479 707 524 δούλων.
774 482 990 540 Κᾴκεῖνος
1029 483 1134 539 πρὸς
1175 482 1310 528 αὐτὸν
1355 483 1469 544 ἔφη·
1521 486 1668 530 Ἀλλά

272 560 470 615 ψεῦσον,
523 556 606 602 ὅσα
634 557 819 612 βούλει·
869 554 1004 612 οὐδεὶς
1033 560 1119 618 γὰρ
1154 560 1325 605 τούτων
1356 562 1514 616 ἂναςάς
1545 562 1668 621 ἐλὲγ·

275 632 356 689 ξει.
425 631 560 680 Οὕτω
599 635 672 679 καὶ
725 638 764 680 οἱ
811 637 901 680 τῶν
950 636 1196 693 ἀνθρώπων
1246 639 1523 698 ψευδολόγοι
1565 643 1670 686 τότε

275 715 446 773 μάλιςα
480 708 943 772 καταλαζονεῦονται,
1007 712 1117 758 ὅταν
1156 714 1259 767 τοὺς
1298 716 1572 775 ἐλέγχοντας
1608 719 1669 776 μη

277 791 457 852 ἔχωσιν.
520 796 640 848 Quid
660 809 761 835 vero
783 798 818 834 si
841 795 959 834 illam
980 794 1065 835 huc
1085 796 1224 837 trahas
1245 798 1436 838 fabulam
1467 800 1521 838 de
1545 803 1670 841 simio

278 882 320 911 et
339 871 483 923 vulpe,
513 882 626 922 quae
646 871 692 907 in
715 868 957 920 appendice
976 868 1147 922 Marqu.
1169 869 1303 910 Gudii
1324 870 1385 910 22.
1411 873 1499 911 est?
1525 873 1672 927 Roga-

277 944 353 983 bat
380 944 553 995 vulpem
583 943 728 980 simius
759 940 924 980 caudae
952 954 1056 980 suae
1076 942 1146 981 De
1170 944 1472 996 magnitudine
1505 945 1673 998 aliquid

277 1027 327 1056 ut
353 1016 433 1055 sibi
462 1015 584 1054 daret
608 1023 687 1052 etc.
718 1013 883 1052 Eadem
916 1016 1031 1054 inter
1054 1013 1223 1054 fabulas
1250 1016 1458 1069 Aesopias
1480 1018 1672 1057 aNilan-

278 1092 340 1128 tio
363 1089 497 1127 editas
519 1096 581 1127 est
602 1089 815 1125 tricesima
841 1096 971 1126 sexta.

376 1170 430 1207 V.
469 1183 506 1207 2.
549 1162 859 1221 Ἀχνυ·μὲνη
935 1162 1219 1221 σκυτάλη.’
1291 1168 1437 1210 Schol.
1497 1172 1672 1212 Pindar-

279 1246 452 1300 Olymp.
482 1257 517 1294 ς.
545 1260 585 1285 ν.
608 1250 692 1297 154.
726 1247 780 1286 ad
805 1245 959 1286 verba:
999 1238 1211 1299 ηὕκόμων
1240 1241 1447 1286 σκυτάλα
1475 1244 1671 1288 Μοισῶν.

277 1319 369 1361 τῶν
424 1312 625 1375 εὖκόμων
669 1320 863 1362 Μουσῶν
903 1314 1073 1375 ἄγγελε
1117 1319 1192 1362 καὶ
1236 1314 1390 1377 κῆρυξ.
1443 1319 1673 1378 σκυτάλην

278 1396 364 1454 ’γὰρ
411 1395 461 1439 ἐκ
507 1396 587 1439 τοῦ
638 1397 977 1453 συμβεβηκότος
1029 1396 1259 1453 λέγουσιν,
1318 1395 1375 1449 ὡς
1414 1396 1489 1440 καὶ
1526 1396 1674 1454 ’Ap->51¹-

279 1473 444 1531 λοχος·
473 1473 725 1532 Ἀχνυμὲνη
757 1474 974 1534 σκυτάλη.
1003 1473 1028 1531 ἦ
1054 1474 1098 1518 δὲ
1127 1474 1331 1531 σκυτάλη
1356 1475 1557 1519 τοιοῦτόν
1589 1474 1673 1528 ἐςι·

278 1553 484 1602 Λάκωνες
546 1552 739 1608 κήρυκας
796 1552 1139 1611 διαπεμπόμενοι
1197 1548 1337 1603 ξύλον
1392 1551 1673 1609 μελαίνοντες

278 1630 568 1688 περιείλισσον
591 1629 742 1687 λευκῷ
765 1630 913 1688 ἱμάντι
937 1630 1011 1674 καὶ
1032 1629 1329 1690 περιέγραφον
1357 1632 1425 1687 τῷ
1446 1647 1495 1674 τε
1524 1629 1675 1687 ἱμάντι

281 1705 356 1751 καὶ
397 1703 524 1764 ξύλῳ
567 1724 609 1751 κ.
648 1725 690 1751 τ.
732 1708 777 1751 λ.
808 1727 920 1766 quae
949 1713 1004 1753 de
1035 1712 1194 1767 scytala
1226 1712 1675 1752 Lacedaemoniorum

281 1800 477 1830 auctores
513 1789 690 1830 habent.
747 1788 1002 1842 Xenophon
1027 1784 1257 1842 Ἑλληνικ.
1293 1791 1340 1829 L.
1368 1790 1440 1830 111.
1484 1805 1519 1830 c.
1547 1798 1586 1838 3.
1610 1797 1674 1842 89.

280 1863 456 1902 Cornel.
477 1864 624 1915 Nepos
644 1864 825 1903 Pausan,
850 1863 897 1902 C.
917 1869 955 1910 5.
990 1863 1167 1902 Tzetzes
1196 1862 1305 1902 Chil.
1336 1862 1413 1902 IX.
1437 1866 1522 1914 141.
1587 1862 1677 1902 Ha-

282 1935 419 1975 drian.
451 1936 600 1975 Iunius
627 1935 921 1975 Animadvers.
954 1936 1002 1975 L.
1022 1936 1096 1975 IV.
1132 1936 1178 1975 C.
1199 1936 1315 1975 XIV.
1341 1935 1488 1975 Crellii
1509 1935 1676 1974 Disser-

281 2016 387 2052 tatio
411 2012 465 2051 de
490 2013 660 2067 Scytala
677 2014 906 2052 Laconica.
924 2012 1037 2066 Lips.
1052 2014 1162 2065 1697.
1185 2007 1439 2067 Ἀχνυμὲνη
1470 2005 1674 2063 σκυτάλη

280 2087 412 2137 igitur
433 2085 495 2124 nil
516 2085 634 2124 aliud
654 2085 881 2139 significat,
909 2089 992 2125 nisi
1014 2089 1176 2126 tristem
1196 2090 1421 2134 nuncium,
1448 2089 1477 2124 i.
1498 2098 1537 2124 e.
1559 2098 1673 2133 eum,

283 2160 381 2209 qui,
423 2161 535 2210 quae
567 2162 699 2198 tristia
729 2162 964 2212 animoque
993 2162 1137 2213 gravia
1180 2173 1270 2198 esse
1308 2168 1351 2198 et
1381 2172 1480 2197 eum
1515 2171 1676 2211 angere

279 2233 469 2281 possint,
513 2231 641 2270 nobis
667 2235 908 2270 renunciat.
972 2233 1042 2270 Sic
1072 2234 1133 2279 ei,
1169 2234 1216 2270 in
1237 2244 1367 2283 quem
1397 2229 1482 2269 hoc
1503 2242 1678 2269 carmen

282 2310 488 2357 scriptum
506 2317 583 2356 est,
612 2311 699 2348 sive
708 2307 943 2361 Lycambes
960 2310 1046 2346 sive
1065 2307 1171 2347 alius
1185 2311 1254 2356 sit,
1283 2322 1413 2359 quem
1427 2301 1676 2358 Ῑίηρυκίδην

282 2379 497 2432 appellat,
532 2379 815 2419 Archilochus
843 2383 944 2419 vitia
985 2383 1074 2419 eius
1110 2390 1152 2418 et
1187 2379 1508 2432 improbitatem
1532 2379 1678 2431 palam

279 2452 445 2492 faciens
475 2462 518 2492 et
550 2456 766 2506 exagitans
796 2456 981 2491 nuncius
1013 2455 1140 2492 tristis
1171 2462 1233 2491 est
1262 2461 1305 2490 et
1338 2454 1544 2505 ingratus.
1616 2452 1679 2490 Ex

279 2528 343 2569 his
375 2529 681 2583 intelliguntur
710 2530 784 2568 illa
818 2532 865 2569 in
895 2528 1126 2568 Plutarcho
1157 2529 1206 2567 T.
1236 2529 1310 2567 IV.
1339 2542 1383 2580 p.
1414 2534 1502 2580 579.
1530 2522 1679 2566 Ἀλλά

280 2603 367 2661 μην
400 2603 421 2647 ὁ
456 2597 716 2654 Νειλόξενος
746 2600 858 2657 ἔφη,
905 2602 985 2659 την
1015 2601 1094 2659 μὲν
1123 2600 1203 2645 τοῦ
1238 2600 1442 2654 Αἰθίοπος
1476 2595 1676 2652 ἐπίταξιν

281 2676 405 2723 οὐδὲν
436 2678 491 2724 ἄν
523 2696 588 2732 τις
617 2675 739 2723 ἄλλο
769 2678 887 2735 πλην
911 2678 1167 2736 ἀχνυμένην
1200 2677 1428 2733 σκυτάλην
1452 2679 1677 2735 προσείποι

282 2758 381 2803 κατ’
411 2758 707 2818 Ἀρχίλοχον,
734 2775 827 2803 rem
856 2761 1036 2810 scilicet,
1066 2775 1179 2815 quae
1201 2771 1245 2801 et
1267 2760 1520 2802 difficultate
1537 2775 1613 2801 sua
1635 2770 1679 2800 et
