1846 3308
679 315 770 330 ·-
842 306 937 350 179
1007 315 1074 322 —

191 431 503 486 Pind.01ymp.
523 429 569 471 9.
588 444 627 470 v.
652 442 686 469 ι.
709 428 765 468 ad
782 425 937 467 verba:
964 420 1028 463 Τὸ
1049 421 1127 480 μὲν
1144 420 1430 479 ’Δρχιλόχου
1449 420 1583 479 μέλος

143 523 146 526 “
192 507 373 560 Φωνᾶεν
426 503 656 561 Ὀλυμπίᾳ
698 498 969 551 Καλλίνικος
1017 499 1039 542 ο“
1087 497 1295 556 τρίπλοος
1346 498 1585 555 κεχλαὸὠς

190 599 230 627 κ.
255 599 295 626 τ.
318 582 362 625 λ.
391 586 499 626 haec
526 584 687 624 adfert:
726 575 748 620 ὁ
772 576 852 634 μὲν
879 574 1155 635 ’Δρχίλοχος
1183 574 1266 630 πρὸ
1298 575 1470 620 τούτων
1491 578 1581 620 τῶν

187 661 390 716 Λυρικῶν
439 658 669 715 γενόμενος
719 652 916 709 θελήσας
970 650 1107 708 ὕμνον
1159 652 1471 704 ἀναβαλέσθαι
1527 656 1586 708 εἰς

186 736 416 795 Ἡρακλέα
460 735 502 779 ἐν
540 735 598 790 τῆ
626 730 884 788 Ὀλυμπίᾳ,
941 730 1032 780 ἑνὸς
1070 729 1319 788 κιθαρῳδοῦ
1362 731 1432 773 διὰ
1468 748 1584 784 τινος

151 844 153 846 »
188 811 350 866 λέξεως
367 812 646 872 μιμήσασθαι
667 809 744 853 τὸν
765 807 938 867 ῥυθμὸν
962 809 1036 851 καὶ
1060 807 1136 851 τὸν
1160 801 1276 865 ἦχον
1297 810 1374 865 τῆς
1396 809 1584 867 κιθάρας

188 893 455 952 ἐπεχείρησε.
487 884 707 939 συντάξας
729 878 807 931 οὖν
834 886 888 929 τὸ
918 885 1118 942 τήνελλα
1146 883 1371 930 οὕτωκαὶ
1405 887 1464 929 τὰ
1484 882 1583 944 ἑξῆς

188 969 484 1024 ἀνεβάλλετο.
551 972 646 1011 Hac
673 982 782 1009 voce
809 971 1013 1008 nimirum
1045 969 1181 1017 dicta,
1219 982 1307 1022 qua
1331 983 1487 1009 sonum
1513 971 1583 1011 vel

189 1049 363 1108 κροῦμα
391 1050 579 1091 citharae
604 1032 876 1090 imitabatur,
921 1055 1012 1084 tum
1039 1046 1213 1086 demum
1239 1049 1379 1098 ipsum
1408 1062 1583 1089 carmen

189 1145 346 1172 canere
366 1130 552 1180 incepit:
575 1113 643 1162 ἴΩ
663 1118 898 1162 καλλίνικε
919 1134 959 1161 κ.
980 1134 1021 1161 τ.
1045 1117 1106 1167 λ.,
1132 1123 1297 1176 illaque
1324 1138 1432 1164 voce
1460 1130 1582 1179 quasi

185 1207 416 1262 praeludio
442 1209 531 1245 sive
558 1195 808 1257 κρούματος
830 1202 933 1241 loco
966 1210 1080 1241 extra
1115 1213 1288 1240 carmen
1316 1214 1439 1239 usum
1472 1215 1579 1250 esse,

189 1295 286 1321 cum
307 1279 513 1335 hymnum
534 1280 771 1329 inciperet,
799 1284 844 1315 et
871 1275 984 1314 forte
1015 1272 1289 1312 citharoedus
1318 1283 1392 1312 aut
1416 1273 1582 1315 tibicen

185 1366 280 1393 non
298 1362 471 1404 praesto
495 1361 630 1399 esset,
659 1358 808 1402 aperte
828 1347 959 1387 docet
987 1346 1094 1386 alter
1122 1345 1371 1386 scholiastes
1402 1346 1431 1385 1.
1464 1361 1498 1386 c.
1529 1361 1580 1387 ex

186 1428 495 1470 Eratosthene:
544 1422 651 1480 Περὶ
682 1422 727 1465 δὲ
755 1420 835 1465 τοῦ
866 1417 1065 1476 τήνελλα
1084 1419 1401 1478 Ἐρατοσθένης
1428 1421 1581 1477 φησὶν,

187 1499 281 1551 ὅτι,
311 1499 389 1545 ὅτε
416 1501 495 1556 (ὁ)
526 1495 723 1558 αὗλητὴς
744 1498 772 1556 ἢ
806 1498 828 1542 ὁ
867 1496 1092 1554 κιθαριςὴς
1112 1496 1172 1553 μὴ
1202 1498 1364 1554 παρῆν,
1405 1498 1428 1542 ὁ
1458 1493 1582 1556 ἔξαρ-

186 1595 271 1637 χος
290 1576 400 1623 αὐτὸ
423 1577 724 1638 μεταλαβὼν,
755 1576 908 1633 ἔλεγεν
939 1569 1045 1626 ἔξω
1084 1575 1182 1618 τοῦ
1224 1575 1445 1631 μέλους.
1478 1576 1500 1619 ὁ
1536 1576 1581 1620 δὲ

187 1659 279 1702 τῶν
308 1657 527 1716 κωμαςῶν
565 1658 701 1716 χορὸς
728 1654 925 1708 ἐπέβαλε
954 1654 1007 1697 τὸ
1037 1651 1309 1695 Καλλίνικε·
1351 1652 1425 1696 καὶ
1461 1652 1580 1698 οὕτω

189 1735 488 1793 συνειρόμενον
518 1735 674 1792 γέγονε
702 1733 755 1778 τὸ
786 1731 998 1790 Τὴνελλα
1027 1730 1299 1773 Καλλίνικε·
1328 1730 1353 1787 ἣ
1386 1731 1431 1774 δὲ
1461 1732 1580 1789 ἁρχὴ

186 1814 268 1857 τοῦ
298 1813 461 1872 μέλους
490 1813 600 1876 ἔςιν·
634 1804 704 1854 ἶΩ.
724 1811 974 1855 Καλλίνικε
996 1826 1049 1868 χ.
1076 1805 1120 1851 ἅ.
1140 1809 1237 1867 Ἤρ.
1287 1814 1416 1853 Unde
1443 1824 1579 1866 patet,

186 1895 299 1936 illud
332 1890 532 1948 τήνελλα
567 1908 662 1935 non
709 1894 766 1934 ad
800 1906 967 1933 versum
1002 1895 1246 1946 pertinere:
1294 1891 1372 1930 sed
1409 1890 1578 1939 chorus,

186 1987 295 2013 voce
339 1967 540 2025 τήνελλα
583 1976 708 2027 signo
756 1969 945 2010 canendi
990 1969 1119 2016 dato,
1176 1971 1330 2007 victori
1374 1968 1583 2007 acclama·

186 2045 286 2094 bat,
316 2057 358 2086 et
376 2057 476 2099 post
496 2045 608 2085 hanc
630 2044 987 2084 acclamationem
1007 2041 1083 2080 velv
1096 2051 1162 2080 ter
1179 2045 1407 2093 repetitam
1429 2054 1584 2080 secun·

187 2118 292 2157 dum
309 2118 663 2166 Eratosthenem,
699 2117 769 2156 vel
798 2125 899 2168 post
926 2115 1114 2168 singulas
1142 2112 1363 2167 strophas,
1400 2127 1583 2166 quarum

185 2191 321 2231 tribus
341 2190 426 2231 hoc
445 2194 679 2244 epinicium
702 2188 953 2237 constabat,
980 2190 1176 2226 iteratam
1197 2186 1438 2226 secundum
1458 2185 1584 2225 scho-

184 2261 342 2303 liasten
370 2264 571 2312 Pindari,
606 2267 747 2316 ipsum
772 2261 980 2316 hymnum
1009 2264 1057 2299 in
1087 2260 1318 2300 Herculem
1348 2259 1409 2298 ab·
1433 2258 1585 2298 Archi-

185 2334 317 2375 locho
338 2341 626 2389 compositum
649 2335 855 2383 canebat,
885 2348 982 2373 cum
1006 2343 1162 2380 cantu,
1188 2333 1302 2372 tibiis
1329 2343 1372 2372 et
1398 2333 1490 2387 lyra
1517 2335 1584 2370 in-

189 2408 373 2448 cedebat
394 2410 566 2450 solenni
587 2422 775 2462 pompa,
815 2417 859 2447 et
880 2411 1088 2447 victorem
1113 2405 1422 2452 comitabatur,
1461 2403 1584 2457 quod

187 2485 398 2526 Pindarus
425 2481 647 2542 κωμὰζειν
675 2495 813 2526 vocat.
872 2485 1019 2537 Atque
1056 2482 1158 2523 hinc
1194 2486 1323 2523 etiam
1352 2482 1469 2520 hunc
1506 2480 1584 2535 hy·

186 2575 336 2601 mnum
354 2560 566 2617 τρίπλοον
587 2579 612 2605 a
626 2563 818 2604 Pindaro
840 2562 942 2612 dici,
961 2561 1176 2602 Eratosth.
1198 2571 1241 2601 et
1260 2559 1390 2600 schol.
1406 2558 1583 2598 Pindari

187 2639 366 2680 tradunt
389 2655 429 2680 v.
453 2656 488 2681 1.
509 2635 566 2680 ⁰0
606 2638 696 2690 τοῖς
726 2637 878 2680 νικῶσι
920 2634 980 2679 τὰ
1008 2630 1240 2691 Ὀλύμπια
1279 2631 1486 2688 έπήδετο.
1528 2622 1581 2688 ²7³⁹

188 2712 450 2770 τρίςροφον,
485 2715 639 2766 κοινῶς
667 2714 906 2772 δυνάμενον
940 2712 1146 2772 ἁρμόζειν
1175 2711 1244 2753 ἐπὶ
1274 2707 1438 2759 παντὸς
1467 2724 1583 2765 νικη-

190 2790 358 2848 φόρου,
400 2790 469 2835 διὰ
497 2789 550 2834 τὸ
580 2791 653 2834 καὶ
683 2793 758 2848 τῆς
786 2787 986 2848 πράξεως
1013 2784 1148 2845 αὑτῆς
1175 2786 1318 2843 ψιλὸν
1351 2786 1472 2844 ἔχειν
1503 2786 1581 2829 τὸν

985 2868 1033 2905 Μ
1061 2880 1082 2903 2
