1846 3308
243 431 419 472 (anck
439 432 542 462 Anal.
567 432 603 461 Τ.
625 432 651 461 1.
673 441 705 470 p.
728 429 843 467 45sfr.
864 435 912 465 28.
934 392 1054 459 Iacobs
1076 429 1154 459 Vol.
1179 430 1206 459 1.
1227 430 1263 459 Ρ.
1284 430 1311 458 1.
1334 439 1369 468 p.
1391 429 1485 469 170.)

257 496 454 552 -Etymol-
488 497 551 535 M.
588 510 627 535 v.
662 493 895 548 Προΐκτης.
922 493 1068 533 Schol.
1104 493 1322 546 Aristoph.
1364 496 1418 535 ad
1444 492 1559 536 ‘ln-r.

162 590 202 616 v.
224 581 314 627 433.
337 574 456 614 Suid.
478 587 517 612 v.
544 561 855 626 καταπροΐξει,
885 574 961 624 qui
979 584 1055 610 sua
1075 584 1124 610 ex
1142 570 1371 612 scholiaste
1396 578 1560 623 sumsit,

164 654 243 693 sed
271 658 318 693 in
350 664 538 705 utroque
567 661 769 703 corrupte
795 645 956 704 legit‘ur
990 635 1044 686 εὖ
1069 642 1104 686 δ’
1130 644 1292 696 ἐκεῖνος
1323 664 1406 703 pro
1440 648 1559 704 ἐμεῦ.

84 724 88 727 ’
163 726 266 765 vid.
291 726 435 778 Toup.
458 724 666 776 Opuscul.
688 722 903 778 philolog.
929 723 981 762 T.
996 722 1030 761 Ι.
1050 735 1094 774 Ρ.
1115 735 1205 761 211.

275 812 775 877 Καταπροΐξεται.
841 823 939 861 Vim
986 832 1030 862 et
1080 824 1387 878 etymologiam
1432 822 1560 866 huius

163 903 286 944 verbi
321 905 498 954 exponit
531 900 667 941 schol.
703 899 1003 953 Aristophanis
1032 900 1061 939 l.
1097 915 1134 943 c.
1174 891 1242 939 Οὐ
1276 896 1438 953 προῖκά
1470 914 1561 954 μου

163 974 537 1032 καταφρονήσεις,
580 973 780 1027 τουτέςι,
822 972 983 1030 δωρεάν
1024 988 1099 1031 μοι
1134 972 1331 1032 ἐγχάνῃ,
1370 991 1561 1033 καταγε-

157 1054 312 1102 -λάσεις
328 1069 415 1109 μου
435 1051 572 1109 χωρὶς
592 1050 763 1109 ζημίας.
820 1052 995 1108 Προῒκα
1030 1049 1185 1107 ἔλεγον
1216 1051 1390 1110 ζημίαν.
1421 1078 1476 1087 -
1503 1079 1561 1088 —-

161 1129 190 1189 ἦ
221 1131 267 1174 δὲ
291 1132 376 1188 πρὸ
407 1130 505 1173 ἀντὶ
536 1129 658 1187 παρὰ
685 1129 1003 1186 προῖκνεῒσθαι.
1034 1128 1146 1179 τινὲς
1174 1129 1218 1171 δὲ
1248 1129 1335 1172 ἀπὸ
1365 1132 1444 1175 τοῦ
1476 1127 1560 1183 ἵξε-

164 1213 295 1258 σθαι,
332 1205 359 1252 ὅ
388 1207 447 1260 έςι
478 1206 639 1266 δωρεάν
670 1221 771 1249 τινα
799 1204 973 1259 λαβεῖν.
1003 1205 1260 1263 Ἡρόδοτος·
1292 1202 1360 1250 Οὐ
1389 1209 1478 1267 γὰρ
1508 1210 1558 1267 δὴ

162 1286 293 1343 ἐμέγε
324 1278 407 1328 ὦδε
436 1283 754 1340 λωβησάμενος
789 1278 1151 1340 καταπροΐξεται.
1208 1291 1401 1345 Etymol.
1428 1293 1490 1331 M.
1518 1307 1558 1333 v.

160 1357 570 1420 καταπροΐξασθαι.
618 1361 704 1405 ἀπὸ
755 1362 831 1418 τῆς
878 1360 1080 1418 προικὸς,
1130 1359 1181 1417 ἧν
1220 1361 1483 1421 διαιροῦντες
1518 1367 1561 1409 οἱ

153 1438 300 1491 Ἴωνες
328 1444 491 1497 προῖκα
530 1438 752 1496 λέγουσιν.
793 1436 938 1495 ὥσπερ
970 1429 1049 1482 οὖν
1079 1455 1103 1494 η
1134 1434 1266 1496 προὶξ
1302 1439 1465 1500 δωρεὰν
1505 1443 1561 1485 δι’·

165 1517 315 1566 δοται,
354 1514 474 1560 οὕτω
513 1517 677 1573 φασὶν,
718 1511 770 1561 οὗ
811 1514 971 1575 δωρεάν
1009 1533 1067 1574 με
1110 1519 1449 1574 καταγνῶσεταί
1478 1536 1559 1572 τις,

164 1596 271 1640 ἀλλ’
292 1594 506 1639 ἀποδώσει
525 1592 688 1653 μισθὸν
710 1587 770 1637 ὧν
791 1589 966 1654 ἔπραξε.
1023 1599 1108 1637 Alii
1128 1599 1181 1638 ab
1210 1593 1316 1638 ἴσσω
1349 1602 1559 1642 derivant.

163 1675 250 1714 vid.
278 1675 428 1728 fragm.
448 1685 512 1724 9¹·
543 1683 586 1712 et
616 1687 728 1725 quae
754 1672 870 1711 doct.
891 1671 1043 1711 Iacobs
1075 1672 1130 1711 de
1161 1671 1246 1712 hoc
1273 1674 1408 1714 verbo
1433 1685 1560 1714 notat

163 1747 266 1785 Vol.
297 1746 330 1784 1.
374 1746 419 1785 Ρ.
448 1744 481 1784 I.
523 1758 567 1796 p.
593 1758 676 1796 170.
755 1744 819 1784 Cl.
863 1743 1069 1784 Huschke
1112 1746 1297 1785 Miscell.
1344 1746 1560 1803 Philolog.

163 1834 209 1872 p.
229 1824 291 1869 24,
318 1825 382 1866 25,
409 1820 458 1856 in
475 1827 603 1857 nota:
631 1846 663 1866 „
675 1817 816 1857 Multa
839 1817 920 1856 alia
939 1821 973 1856 is
992 1816 1322 1870 (Archilochus),
1347 1830 1397 1858 ut
1415 1821 1560 1860 solent

148 1889 380 1932 -eiusmodi
440 1893 644 1944 ingenia,
707 1894 868 1943 primus
915 1893 1110 1930 omnium
1172 1891 1324 1930 dixisse
1371 1892 1558 1941 videtur,

162 1977 279 2016 quae
310 1961 472 2002 deinde
498 1966 545 2001 in
574 1976 848 2002 communem
878 1962 1056 2016 linguae
1086 1976 1214 2001 usum
1247 1963 1473 2018 abierunt,
1511 1976 1562 2005 ut

163 2040 345 2080 verbum
380 2030 773 2092 καταπροΐξασθαι
808 2044 855 2079 in
891 2041 1134 2093 fragmento
1180 2041 1298 2092 apud
1328 2042 1467 2095 Etym.
1497 2043 1560 2083 M.

164 2114 288 2166 quod
323 2115 379 2154 ad
421 2115 568 2155 locum
602 2127 733 2166 quem
766 2123 994 2151 tractamus
1027 2113 1212 2164 (nempe
1236 2112 1291 2152 de
1315 2113 1472 2153 fabulis
1505 2114 1562 2154 ad

158 2190 413 2245 Lycamben
468 2191 798 2245 exagitandum)
854 2190 1007 2229 referri
1051 2199 1217 2242 potest:
1270 2187 1405 2244 Ἐμεῦ
1454 2188 1488 2231 δ’
1526 2188 1560 2232 ἒ.

164 2278 208 2306 κ.
228 2280 270 2307 τ.
291 2263 334 2307 λ.
363 2269 410 2308 id
431 2279 517 2318 est,
544 2267 703 2309 infidus
731 2266 990 2322 Lycambes,
1026 2276 1076 2305 ut
1103 2270 1291 2307 coniecit
1315 2269 1562 2311 Valckena-

163 2344 252 2380 rius
271 2342 327 2381 ad
346 2342 559 2382 Herodot.
588 2341 661 2380 111.
690 2355 733 2393 p.
754 2347 843 2386 213·
894 2340 965 2379 Ad
990 2338 1107 2379 hunc
1133 2353 1304 2379 versum
1334 2346 1563 2395 scripserat

166 2423 287 2453 vetus
307 2417 544 2469 interpres,
572 2415 687 2454 forte
703 2411 994 2461 Aristarchus,
1024 2425 1138 2464 quae
1156 2426 1277 2452 nunc
1302 2414 1485 2468 legimus
1514 2420 1562 2456 in

165 2489 302 2542 Etym.
326 2492 386 2531 M.
406 2492 486 2532 sub
517 2506 626 2532 voce
653 2480 1058 2544 καταπροΐξασθαι.
1114 2490 1226 2529 Nam
1253 2494 1300 2530 in
1316 2492 1454 2546 Etym.
1477 2495 1559 2533 Ms.

165 2565 244 2605 ubi
264 2567 380 2607 idem
401 2568 612 2609 scholium
632 2578 779 2617 exstat,
800 2568 907 2608 haec
926 2568 1095 2607 adiecta
1114 2578 1234 2607 sunt:
1265 2561 1405 2616 οὕτως
1433 2561 1560 2622 εὖρον

166 2638 212 2680 ἐν
243 2635 525 2698 ὑπομνήματι
558 2640 736 2697 ἐπῳδῶν
759 2641 1055 2700 Ἀρχιλόχου.
1095 2644 1330 2684 Aristarchi
1368 2637 1560 2699 ὑπομνή-

167 2731 293 2772 ματα
338 2716 635 2776 ’Δρχιλόχεια
688 2724 838 2764 laudat
884 2724 1083 2763 Clemens
1132 2721 1362 2762 Alexandr.
1417 2724 1496 2762 Str.
1523 2723 1557 2764 Ι.

166 2807 208 2846 p.
226 2794 313 2840 326.
329 2797 359 2818 “
386 2795 451 2834 Cf.
477 2795 766 2841 Commentar.
791 2797 827 2846 §.
847 2796 941 2835 VII.
963 2807 1054 2836 not.
1085 2809 1116 2833 1.
