1846 3308
293 405 387 431 non
430 390 614 430 multum
659 406 682 431 a
720 405 822 431 vero
862 391 1062 432 aberrare
1102 385 1339 434 videamur.
1400 394 1463 433 Ex
1497 394 1681 447 Diphilo

294 476 463 513 autem,
510 469 586 518 qui
629 467 677 504 in
724 466 970 506 Comoedia.
1008 465 1185 519 Sappho
1235 468 1442 519 inscripta
1484 466 1683 507 Archilo-

294 539 423 579 chum
457 548 501 578 et
526 538 850 595 Hipponactem
878 536 1088 579 amatores
1115 542 1313 592 poetriae
1339 541 1387 577 in
1414 546 1588 579 scenam
1615 543 1684 579 in·

293 613 492 663 duxit,e)
536 611 592 651 de
630 621 769 651 aetate
806 621 966 663 poetae
1000 626 1175 664 prorsus
1212 611 1322 654 nihil
1357 612 1504 666 colligi
1539 622 1683 665 potest

294 696 368 725 aut
387 684 534 733 debet,
571 700 668 724 cum
685 685 751 723 vel
770 687 946 733 inscius,
975 695 1025 724 ut
1042 687 1218 725 Vossius
1243 685 1437 737 putat,f)
1464 685 1532 724 vel
1552 689 1682 725 etiam

292 757 489 818 παίζων,
531 772 581 801 ut
614 760 863 800 Athenaeus
913 763 1140 813 censet,g)
1186 768 1383 814 tempora
1427 749 1681 817 neglexerit,

293 836 428 888 idque
464 844 623 888 poetae
658 838 819 887 putarit
855 835 917 874 fas
955 849 1045 875 esse
1081 838 1142 875 sic
1174 839 1222 875 in
1259 836 1487 876 comoedia
1513 836 1680 877 ludere.

293 910 453 948 Nescio
485 907 593 960 quid.
627 907 862 959 Solinush)
895 907 977 948 sibi
1008 908 1217 955 voluerit,
1266 911 1364 962 qui,
1410 909 1514 948 dum
1545 910 1599 950 de
1629 913 1682 950 iis

294 997 407 1035 quae
424 991 524 1034 post
540 990 725 1020 mortem
743 979 992 1020 Archilochi
1012 981 1277 1031 acciderunt,
1303 982 1514 1036 loquitur,
1543 997 1681 1036 usque

294 1056 351 1095 ad
371 1057 610 1094 Curionum
630 1064 827 1106 tempora
846 1054 1061 1108 evagatur.

387 1282 431 1325 a)
455 1277 625 1315 Euseb.
651 1278 701 1311 in
727 1277 905 1313 Chron.
930 1276 986 1311 ad
1011 1291 1112 1314 ann.
1135 1283 1236 1322 1354.
1265 1278 1458 1328 Olymp.
1479 1280 1624 1333 XXIX,
1645 1289 1681 1319 2.

293 1346 548 1385 Archilochus
567 1355 603 1381 et
615 1346 829 1381 Simonides
849 1355 886 1380 et
897 1345 1121 1381 Aristoxeni
1139 1346 1282 1382 Musici
1297 1346 1465 1383 illustres
1483 1346 1681 1384 habentur.

292 1419 343 1452 Et
362 1413 524 1464 Syncell.
546 1413 592 1449 ad
612 1413 718 1449 eand.
741 1412 899 1462 Olymp.
929 1427 967 1462 p.
986 1423 1066 1457 215.
1092 1413 1321 1464 Ἀρχίλοχος
1351 1417 1369 1453 δ
1399 1418 1458 1453 καὶ
1484 1417 1683 1464 Σιμωνίδης

293 1485 351 1522 καὶ
370 1483 587 1532 Ἀριςὸξενος
610 1482 774 1528 μουσικοὶ
794 1481 1036 1530 ἐγνωρῖξοντο.
1083 1483 1144 1518 De
1165 1483 1363 1519 Simonide
1382 1484 1594 1533 Amorgino
1613 1486 1683 1521 ite-

291 1566 378 1588 rum
404 1563 617 1587 sermonem
647 1563 723 1585 esse
752 1549 995 1585 manifestum
1023 1560 1089 1587 est.
1143 1551 1392 1587 Aristoxenus
1408 1565 1501 1588 vero
1523 1551 1608 1593 hic,
1639 1563 1684 1589 ut

292 1620 453 1657 Vossius
482 1627 624 1658 monet,
654 1630 733 1652 non
751 1628 808 1653 est
825 1617 994 1653 musicus
1013 1617 1092 1657 ille,
1116 1619 1334 1670 Aristotelis
1351 1619 1574 1668 discipulus,
1610 1621 1683 1656 mi-

293 1687 445 1722 nimum
470 1686 628 1721 LXXX.
652 1684 809 1734 Olymp.
834 1685 987 1725 iunior,
1012 1684 1075 1720 sed
1102 1695 1271 1721 vetustus
1298 1697 1410 1735 poeta
1433 1687 1682 1729 Selinuntius,

292 1754 370 1802 ipsi
389 1753 466 1787 iam
483 1751 716 1800 Epicharmo
739 1764 983 1791 memoratus,
1028 1752 1119 1792 Vid.
1137 1753 1340 1801 Hephaest.
1368 1767 1407 1803 p.
1425 1749 1489 1798 25.'
1507 1765 1544 1790 et
1560 1754 1683 1794 schol,

292 1819 539 1869 Aristophan.
556 1818 700 1857 Πλοότ.
724 1833 764 1855 v.
781 1826 861 1864 437,
1514 1808 1523 1817 ⁴

385 1889 435 1934 b)
467 1889 530 1922 De
545 1887 710 1923 conditis
731 1887 777 1923 ab
792 1888 935 1924 Archia
955 1889 1147 1937 ,Syracusis
1165 1889 1244 1925 vid.
1264 1889 1399 1938 fragm.
1422 1889 1501 1927 126.

384 1958 430 2001 c)
465 1955 556 1992 Vid.
576 1955 707 2003 fragm.
728 1955 786 1999 86.

384 2023 433 2068 d)
467 2022 558 2061 Vid.
578 2022 712 2070 fragm.
731 2033 767 2059 2.

384 2092 431 2137 e)
463 2089 696 2128 Athenae.
727 2092 774 2130 L.
802 2092 910 2127 XIII.
941 2104 980 2138 p.
1007 2097 1086 2140 599.
1122 2093 1194 2128 Καὶ
1213 2093 1286 2141 ’γὰρ
1304 2093 1460 2136 Δίφιλος
1481 2094 1498 2130 ὃ
1517 2096 1683 2140 κωμῳδο-

291 2160 389 2200 ποιὸς
416 2159 601 2204 πεποίηται
628 2160 661 2196 ἐν
680 2161 835 2204 Σαπφοῖ
859 2157 1012 2207 δράματι
1030 2162 1206 2206 Σαπφοῖς
1236 2162 1360 2209 ἐραςὰς
1377 2164 1602 2210 Ἀρχίλοχον
1622 2162 1682 2197 καὶ

287 2227 531 2264 Ἱππώνακτα.
553 2270 556 2273 ⁴

383 2293 421 2339 f)
456 2292 666 2331 Vossius
701 2292 757 2327 de
789 2278 1035 2331 Histoi-ic.
1072 2295 1237 2332 Graec.
1273 2310 1309 2345 p.
1334 2295 1368 2332 6.
1406 2295 1541 2344 quiet
1568 2294 1683 2330 Scali-

292 2362 376 2411 geri
411 2361 636 2396 sententiam
671 2359 715 2394 in
751 2360 1142 2398 animadversionibus
1175 2362 1398 2398 Eusebianis
1433 2362 1573 2402 adfert,
1609 2375 1682 2411 qua

291 2427 548 2466 Archilochus
566 2427 612 2463 ad
629 2438 797 2479 tempora
811 2429 924 2464 Darii
938 2430 1137 2478 Hystaspis
1159 2428 1231 2465 filii
1250 2430 1420 2471 refertur,
1444 2430 1511 2479 qui
1529 2430 1683 2464 demum

291 2497 479 2544 imperare
518 2495 645 2544 coepit
681 2495 838 2544 Olymp.
860 2498 1010 2537 LXIV,
1045 2506 1081 2540 5.
1136 2497 1308 2541 Vellem,
1347 2498 1477 2547 inquit
1507 2497 1681 2539 Vossius,

291 2562 408 2598 huius
426 2564 630 2599 sententiae
646 2571 733 2599 suae
753 2565 941 2600 rationem
959 2564 1022 2601 vel
1036 2575 1228 2601 auctorem
1246 2565 1462 2604 addidisset.

382 2634 434 2680 g)
468 2628 649 2673 Athenae.
672 2631 761 2667 loco
782 2642 887 2666 antea
910 2632 977 2669 cit.

381 2699 435 2744 h)
467 2698 625 2738 Soliu-
651 2700 694 2735 C.
715 2701 803 2738 VII.
830 2701 864 2745 Β.
886 2700 963 2743 136.
998 2700 1161 2736 Plurimi
1178 2702 1278 2737 inter
1295 2703 1486 2737 Romanos
1505 2701 1683 2750 eloquen-

291 2768 343 2803 tia
364 2766 596 2810 floruerunt,
624 2767 690 2805 sed
707 2768 783 2805 hoc
804 2768 951 2805 bonum
970 2768 1242 2805 hereditarium
1267 2783 1462 2820 nunquam
1482 2769 1579 2810 fuit,
1602 2766 1683 2803 nisi
