1846 3308
816 280 1183 319 —126—

306 408 375 448 Ad
412 419 542 459 quem
578 404 724 444 locum
749 405 944 444 Petavius
983 406 1030 443 in
1062 406 1251 444 auctario
1282 407 1422 457 operis
1452 405 1696 446 ‹ie-doctri-

304 496 360 521 na
381 491 622 530 temporum
642 491 684 530 p.
703 490 785 516 101.
805 475 911 516 haec
931 487 1075 516 notat:
1102 478 1397 530 „Interpretes
1420 491 1568 518 omnes
1586 482 1632 518 in
1650 480 1697 519 id

305 561 598 602 consentiunt,
618 557 764 593 sirium
788 553 857 592 hic
876 567 967 594 esse
987 555 1122 594 solem
1147 549 1216 592 διὰ
1235 549 1286 592 τὸ
1314 549 1554 608 σειριάζειν,
1573 556 1695 609 quod

305 646 367 675 est
396 628 599 686 λάμπειν.
651 632 808 685 Neque
827 633 950 672 aliter
970 632 1040 672 hic
1061 635 1334 685 interpretari
1352 637 1514 684 possis,
1545 643 1695 673 contra

306 722 436 762 quam
455 710 517 745 vir
537 706 688 744 doctus
709 708 971 744 existimavit.
1023 705 1125 745 Non
1146 708 1260 744 enim
1278 706 1508 757 parallelus
1520 735 1534 754 ,
1564 719 1695 759 quem

307 778 499 820 canicula
540 777 765 826 describit,
810 778 1057 830 inaequalia
1103 789 1324 831 segmenta
1369 792 1495 831 supra
1538 788 1695 817 terram

305 853 436 892 habet
464 852 664 900 infraque
688 852 734 888 in
767 849 940 889 diversis
972 855 1074 890 anni
1103 850 1450 902 tempestatibus,
1487 851 1608 904 quod
1638 851 1693 890 de

303 930 403 965 sirio
423 932 555 976 poeta
579 925 742 960 canit.“
788 922 931 975 Atque
953 922 1156 974 deinceps
1176 922 1288 962 hanc
1305 924 1398 962 ‘eius
1418 908 1694 977 significatio·

301 1011 402 1037 nem
443 1009 492 1033 ex
521 997 613 1046 ipso
641 991 889 1033 Archilochi
918 1005 961 1034 et
984 994 1188 1050 Hesychii
1215 996 1313 1036 loco
1340 995 1509 1048 probat.
1561 996 1693 1048 Apud

305 1068 529 1121 Orpheum
553 1070 599 1105 in
618 1067 855 1119 Argonaut.
882 1076 932 1105 ut
949 1067 1174 1118 epitheton
1192 1068 1274 1108 soli
1295 1072 1529 1120 apponitur
1545 1083 1583 1108 v.
1607 1081 1691 1120 117.

296 1134 437 1197 ςΗμοι·
467 1137 543 1183 ὅτε
573 1139 750 1195 τρισσὴν
790 1139 869 1196 μὲν
911 1138 1109 1184 ἐλείπετο
1139 1142 1287 1198 σείριος
1318 1138 1479 1198 αἴγλην
1505 1140 1689 1192 Ἠέλιος.

299 1221 514 1263 Plutarch.
549 1221 599 1259 T.
624 1220 716 1259 VII.
743 1234 786 1273 p.
815 1221 904 1272 461.
944 1218 1041 1261 Εἰσὶ
1072 1219 1156 1277 γὰρ
1187 1220 1227 1263 οἱ
1258 1218 1336 1262 τὸν
1365 1214 1535 1278 ’Όσιριν
1574 1212 1691 1262 ἄντι·

301 1312 403 1354 κρυς
435 1291 560 1351 ἥλιον
597 1287 705 1336 εἶναι
731 1291 804 1335 καὶ
846 1283 1145 1354 ὀνομάζεσθαι
1176 1297 1330 1354 σείριον
1359 1293 1436 1352 ὑφ’
1462 1295 1691 1353 Ἑλλήνων

300 1374 530 1429 λέγοντες,
561 1371 598 1412 εἰ
622 1370 694 1413 καὶ
720 1376 822 1431 παρ’
840 1373 1093 1430 Αἰγυπτίοις
1118 1372 1142 1430 ἦ
1175 1376 1378 1431 πρόθεσις
1408 1374 1488 1418 τοῦ
1521 1370 1690 1433 ἄρθρου

298 1447 500 1506 τοῦνομα
552 1449 785 1506 πεποίηκεν
843 1449 1207 1508 ἀμφιγνοεῖσθαι.
1284 1456 1410 1496 Adde
1466 1455 1688 1505 Scholion,

302 1529 423 1582 quod
453 1527 573 1566 Alter
601 1541 650 1566 ex
675 1528 756 1566 Ms.
794 1530 839 1566 in
876 1529 1148 1580 praefatione
1182 1530 1237 1569 ad
1266 1529 1418 1583 Odyss.
1447 1543 1488 1581 p.
1510 1530 1688 1568 XXVII.

296 1606 485 1658 profert:
523 1601 563 1642 οἱ
591 1595 824 1655 Αἰγύπτιοι
855 1599 932 1643 τὸν
972 1599 1097 1658 ἥλιον
1120 1598 1312 1660 ’Όσιριν,
1350 1602 1523 1655 τουτὲςι
1553 1601 1689 1645 πολυ·

299 1676 570 1734 ὀφθαλμοῖν,
608 1675 801 1733 λέγουσι.
855 1683 942 1722 Sed
969 1684 1158 1723 Graecos
1187 1682 1242 1721 de
1269 1682 1530 1737 etymologia
1562 1682 1687 1722 huius

298 1759 415 1796 νοεῖς
454 1764 699 1809 argutantes
735 1754 834 1794 vide
870 1755 986 1808 apud
1031 1754 1247 1796 scholiast.
1282 1755 1490 1806 Apollon.
1525 1754 1689 1796 Rhodii

295 1833 343 1873 L.
364 1833 417 1871 11.
446 1845 483 1870 v.
504 1837 590 1878 515.
622 1819 762 1884 ἶΗμος
781 1826 815 1869 δ’
834 1826 1070 1886 οὐρανόθεν
1089 1826 1309 1879 Μινωΐὸας
1339 1824 1509 1886 ἔφλεγε
1536 1829 1689 1885 νήσους

294 1905 478 1961 Σείριος.
532 1908 596 1946 Cf.
619 1908 826 1946 Hadrian.
848 1909 1020 1948 Iunium
1039 1909 1330 1950 Animadvers.
1358 1909 1404 1946 L.
1424 1909 1456 1948 I.
1485 1923 1519 1948 c.
1539 1909 1591 1947 V.
1629 1910 1686 1949 de

294 1985 404 2022 Sirio
430 1980 553 2021 stella
567 2007 578 2026 ,
609 1984 684 2032 qui
710 1991 751 2020 et
770 1979 886 2020 hunc
904 1982 1051 2021 locum
1071 1980 1317 2022 Archilochi
1341 1995 1430 2020 non
1451 1985 1684 2033 praeteriit.

375 2101 415 2141 R
429 2116 455 2141 α
466 2116 493 2142 τ
505 2115 531 2140 α
545 2114 569 2141 υ
582 2114 608 2139 α
620 2112 641 2140 ν
653 2098 712 2141 εἷ.
736 2102 918 2142 Confert
936 2102 1050 2142 doct.
1061 2103 1212 2143 Iacobs
1223 2101 1496 2158 Lycophron.
1513 2101 1682 2142 locum:

292 2175 682 2233 Ἐκβεβρασμένον
723 2176 850 2217 νέκυν
881 2174 1005 2226 ἀκτὶς
1043 2176 1200 2233 σειρίου
1244 2175 1498 2219 καταυανεΐ.
1539 2189 1582 2220 et
1609 2180 1683 2220 Ti·

292 2254 402 2294 bulli
425 2256 469 2292 L.
490 2253 522 2291 1.
549 2257 589 2302 4.
618 2256 679 2303 24.
717 2251 844 2290 Canis
877 2256 1014 2292 arenti
1044 2255 1205 2293 torreat
1234 2266 1332 2294 arva
1362 2255 1444 2292 siti.

383 2370 435 2410 'O
448 2361 510 2418 ξὶ)
525 2384 543 2417 ς
576 2366 679 2410 ἐλλ
694 2367 899 2423 οἱμπων.
948 2374 1074 2423 Sirio,
1102 2375 1238 2415 solem
1256 2374 1528 2429 significanti,
1554 2379 1682 2417 etiam

293 2455 494 2492 usitatum
515 2448 616 2487 solis
646 2447 872 2500 epitheton
901 2440 1001 2497 ὀξὺς
1029 2452 1241 2493 tribuitur.
1294 2454 1422 2492 Hom.
1446 2453 1495 2492 ΙΙ.
1523 2442 1564 2499 ξ.
1591 2460 1681 2505 545.

291 2529 345 2567 de
368 2527 483 2567 sole:
529 2511 600 2563 Οὖ
619 2536 667 2563 τε
688 2520 759 2563 καὶ
778 2517 997 2572 ὀξύτατον
1027 2524 1210 2569 πέλεται
1234 2525 1347 2581 φάος
1381 2526 1681 2583 εἰσοράασθαι.

288 2604 398 2643 Ibid.
430 2615 466 2656 ρ.
494 2617 557 2656 7¹·
587 2616 650 2655 72.
687 2600 887 2643 πέπτατο
911 2601 945 2643 δ’
969 2597 1083 2658 abst)
1106 2603 1286 2647 Ἠελίου
1310 2598 1445 2654 ὀξεῖα.
1500 2610 1680 2650 Hesiod.

278 2673 405 2735 ”Εργ.
432 2686 522 2732 4¹2·
548 2668 685 2733 ἶΗμος
709 2675 754 2719 δὲ
775 2675 902 2733 λήγει
922 2679 1049 2736 μένος
1088 2675 1206 2733 ὀξέος
1249 2678 1425 2736 ἢξλίοιο.
1477 2685 1676 2742 Theogn.

285 2773 324 2798 v.
342 2764 432 2809 (418.
485 2751 603 2809 Mnb’
630 2753 781 2797 ἐσιδεῖν
803 2751 944 2813 αὐγὰς
975 2751 1095 2809 ὀξέος
1125 2756 1291 2815 ἧελίου.
