1846 3308
142 457 471 529 Ἀρχίλοχος
504 452 735 516 τέθνηκε·
781 452 1062 519 φυλάσσεο
1095 453 1266 516 θυμὸν
1299 451 1502 518 ἰάμβων

213 549 413 617 Δριμὺν
449 544 783 615 πικροχόλου
820 544 1117 604 τικτόμενον
1155 545 1423 605 ς’όματος.χ

144 634 319 688 Οἶσθα
340 637 462 698 βοῆς
486 638 669 686 κείνοιο
699 630 831 698 μέγα
855 631 1064 693 σθένος,
1103 630 1218 681 εὖτε
1238 635 1535 699 Λυκάμβεω

211 730 349 789 Νηῦς
384 729 478 791 μία
506 742 592 776 σοι
629 723 813 782 δισσὰς
846 721 1006 789 ἤγαγε
1038 723 1351 794 θυγατέρας.

467 894 926 955 Ιηεενρνεεαιίο
987 891 1205 936 Grotii.

142 996 372 1053 Cerbere,
410 994 499 1058 qui
532 993 690 1041 saevis
726 1003 877 1038 terres
911 990 1176 1037 latratibus
1212 990 1430 1050 umbras,

206 1086 447 1134 Umbram
482 1099 622 1130 nunc
652 1098 849 1129 saevam
884 1098 992 1128 non
1021 1081 1189 1126 minus
1219 1080 1325 1143 ipse
1361 1081 1498 1129 time.

141 1176 335 1225 Occidit
370 1174 726 1228 Archilochus;
760 1171 1066 1235 penetrabile
1098 1171 1236 1218 virus
1267 1171 1437 1229 iambi,

209 1271 289 1315 Ex
321 1264 562 1312 iracundo
597 1263 735 1326 quod
770 1261 883 1308 fluit
913 1279 1021 1318 ore,
1059 1277 1188 1308 cave.

141 1362 304 1422 Quam
371 1357 438 1404 sit
495 1365 639 1401 atrox
699 1354 935 1410 clamare,
1006 1351 1180 1397 datum
1240 1351 1335 1398 tibi
1395 1353 1531 1412 scire,

913 1441 1193 1502 Lycambae

210 1535 399 1597 Cymba
435 1534 529 1582 tibi
563 1547 706 1582 natas
743 1550 859 1580 cum
890 1532 1011 1578 tulit
1045 1548 1144 1578 una
1181 1531 1319 1579 duas.

770 1777 897 1822 VIII.

646 1868 688 1911 E
703 1869 823 1912 IUS
838 1869 885 1911 D
904 1867 945 1911 E
960 1866 1036 1909 M.

624 1964 726 1992 Anal.
749 1971 783 1992 et
802 1962 948 1991 Anthol.
971 1962 994 1990 l.
1014 1971 1043 1990 c.

140 2031 251 2078 Νῦν
288 2028 441 2076 πλέον
477 2028 508 2087 ἢ
545 2026 609 2075 τὸ
654 2026 875 2095 πάροιθε
920 2023 1086 2082 πύλας
1125 2020 1406 2090 κρατεροῖο
1447 2021 1533 2081 βε-

913 2114 1110 2184 ρέθρου

198 2208 459 2271 ’Όμμασιν
492 2204 769 2278 ἁγρύπνοις
804 2203 989 2275 τρισσὲ
1024 2201 1274 2268 φύλασσε
1306 2199 1449 2250 κύον.

138 2300 201 2349 Εἰ
234 2298 338 2368 γὰρ
377 2297 571 2364 φέγγος
607 2295 803 2346 ἔλειπον
842 2291 1245 2351 ἁλυσκάζουσαι
1280 2289 1482 2353 ἰάμβων

196 2388 404 2460 Ἀγριον
440 2385 776 2458 Ἄρχιλόχου
815 2385 1034 2450 φθέγμα
1068 2380 1450 2445 Λυκαμβιάδες·

140 2479 263 2536 Πῶς
287 2476 384 2528 οὐκ
408 2480 469 2526 ἄν
492 2477 735 2548 προλίποι
761 2478 987 2525 σκοτίων
1011 2473 1275 2530 πυλεῶνας
1298 2468 1528 2520 ἐναύλων

207 2568 407 2638 Νεκρὸς
443 2569 604 2628 ἅπας,
643 2566 856 2633 φεύγων
895 2563 1092 2633 τάρβος
1129 2561 1450 2622 ἐπεσβολίης;

139 2721 290 2764 Nunc
336 2718 494 2782 magis
532 2729 682 2780 atque
716 2716 855 2779 prius
890 2726 1059 2779 portas
1097 2723 1290 2760 servato
1322 2711 1532 2759 minacis

207 2808 460 2861 Insomnis
492 2808 711 2855 barathri
745 2795 939 2869 triplice
970 2804 1114 2851 fauce
1146 2801 1295 2848 canis.
