1846 3308
794 263 1168 316 ...276-

281 394 529 435 Archilochi,
555 390 926 441 Iambographorum
941 388 1152 437 Principis,
1178 387 1400 436 Reliquiae,
1426 394 1516 435 quas
1537 398 1685 422 accura-

329 452 406 486 tius
427 450 605 498 collegit,
637 445 948 484 adnotationibus
968 445 1145 481 virorum
1166 443 1368 480 doctorum
1394 444 1547 492 suisque
1566 443 1686 478 anim·

331 505 621 545 adversionibus
658 502 890 541 illustravit,
936 511 974 535 et
1013 500 1216 548 praemissa
1260 499 1305 534 de
1343 499 1438 542 vita,
1462 510 1498 535 et
1534 499 1686 547 scriptis

332 574 466 612 poetae
487 560 827 599 commentatione,
863 570 965 595 nunc
994 569 1164 594 scorsum
1191 555 1313 590 edidit
1341 555 1512 603 Igu-atius
1540 553 1686 590 Liebel.

335 622 359 656 8
377 619 467 654 mai.
516 617 655 654 Charta
673 614 938 663 impressoria,
966 625 988 650 2
1007 614 1110 658 thlr.>
1125 622 1166 646 12
1187 624 1243 661 gr.
1255 637 1267 653 ‚
1315 611 1454 650 charta.
1470 610 1684 659 scriptoria,

304 691 307 694 ·
337 683 359 717 3
378 673 467 709 thlr.
492 679 514 718 8
531 685 608 721 gn,
657 670 783 707 charta
805 671 1100 706 membranacea.
1407 672 1437 709 Δ4
1455 665 1544 702 thlr.
1570 666 1612 701 16
1632 678 1689 714 gr.

291 729 348 765 M.
362 729 511 764 Aurelii
526 727 706 776 Olympii
719 726 938 762 Nemesiani
949 725 1111 772 Eclogae
1123 726 1203 764 IV„
1231 734 1267 759 et
1281 724 1325 759 T.
1349 723 1550 772 Calpurnii
1569 722 1690 758 Siculi

338 784 503 834 Eclogae
524 786 633 822 V111.
653 782 698 817 ad
714 781 985 818 Nemesianum
1004 780 1350 829 Carthaginensem.
1398 780 1496 815 Cum
1516 780 1618 815 notis
1636 792 1698 818 se·,

338 841 446 877 lectis
486 841 605 882 Titii,
662 838 854 879 Martelli,
904 836 1035 877 Vlitii‘
1062 846 1100 872 et
1134 838 1237 873 Petri
1277 835 1490 876 Burmanni
1527 834 1704 883 integris‘

455 897 480 933 ⁹.
1571 901 1616 926 20
1660 903 1690 928 r.

293 903 491 992 Bafiirrgtii,
522 952 576 988 D.
598 952 682 988 Car.
702 951 826 991 Frid„
861 947 1157 986 Observationes
1179 946 1332 982 criticae
1360 947 1459 983 circa
1486 904 1692 984 lectionegm
1744 931 1750 937 1

346 1009 524 1049 codicum
545 1010 652 1045 MSS.
675 1007 793 1043 Hebr.
815 1012 849 1050 4.
1594 1010 1617 1047 4
1634 1018 1691 1054 gr.

294 1066 487 1107 Boehme,
524 1066 577 1100 D.
603 1062 690 1099 Ioh.
719 1062 863 1103 Gottl.,
903 1060 949 1096 de
983 1060 1216 1096 Litteratura
1243 1058 1456 1106 Lipsiensi,
1498 1061 1717 1110 opuscula,

343 1121 566 1157 academica.
613 1121 701 1155 Acc.
731 1119 844 1155 Rich.
873 1116 990 1153 Croci.
1014 1115 1193 1152 Britanni
1216 1116 1447 1151 Encomium
1466 1117 1693 1153 Academiae

341 1176 554 1225 Lipsiensis
569 1201 578 1216 ,
604 1185 642 1210 et
660 1174 821 1210 Henrici
839 1173 1027 1210 Stromeri
1047 1171 1281 1209 Auerbachii
1300 1185 1423 1226 sermo
1444 1174 1695 1222 panegyricus

344 1235 456 1270 Petro
478 1230 688 1271 Mosellano
711 1229 857 1270 dictus,
893 1241 981 1266 cum
1000 1228 1207 1266 Mosellani
1235 1230 1493 1279 responsione.
1548 1235 1583 1273 8.
1604 1229 1695 1263 mai·

1577 1295 1620 1320 12
1632 1298 1694 1334 gr.

300 1346 533 1386 Burmanni,
566 1347 630 1383 P.,
665 1343 938 1392 antiquitatum
960 1352 1210 1377 romonarum
1232 1340 1360 1376 brevis
1392 1340 1598 1390 descriptio
1651 1344 1699 1376 In

312 1435 315 1438 .
348 1416 459 1438 usum
482 1400 700 1438 scholarum
723 1410 759 1435 et
773 1398 1072 1448 praelectionum
1091 1398 1231 1446 passim
1249 1397 1484 1438 emendavit,
1505 1395 1701 1446 supplevit

300 1496 302 1498 ,
350 1468 387 1493 et
405 1457 556 1493 notulas
573 1456 748 1493 subiecit.
766 1468 768 1476 ’
789 1458 832 1493 F.
851 1457 899 1493 V.
915 1447 1081 1490 Reiziusss
1124 1453 1194 1488 Ed.
1217 1466 1328 1490 nova.
1346 1459 1349 1461 '
1379 1460 1480 1502 ¹809·
1519 1457 1573 1497 8.’
1598 1460 1621 1497 8
1641 1466 1697 1502 gr.

305 1513 503 1550 Ciceronis
516 1539 526 1553 ,
553 1514 610 1550 M.
634 1512 736 1550 Tull.
749 1538 759 1553 ,
787 1512 989 1549 Orationes
1010 1511 1178 1547 selectae.
1233 1509 1293 1544 Ad
1308 1509 1498 1558 exemplar
1514 1509 1701 1557 probatis-

350 1570 539 1604 simorum
560 1568 737 1604 codicnm
758 1580 960 1617 expressae.
1007 1568 1106 1603 Cum
1125 1566 1399 1614 Christophori
1417 1565 1572 1601 Cellarii
1593 1578 1702 1613 argn-

314 1671 315 1674 ,
350 1625 512 1666 mentis,
536 1624 731 1660 rhetorico
751 1624 937 1666 artificio,
963 1635 1000 1660 et
1020 1624 1247 1662 verborum,
1272 1635 1400 1657 rerum
1418 1634 1460 1657 ac
1478 1621 1624 1657 rituum
1644 1621 1702 1656 in·

353 1681 708 1730 tei-pretationibus,
756 1691 868 1731 atque
906 1681 967 1717 his
1005 1693 1105 1717 nona
1138 1678 1306 1714 editione
1347 1676 1595 1721 auctioribus.
1662 1682 1699 1721 8.

1585 1746 1628 1769 io
1645 1746 1703 1782 gT-

310 1792 481 1841 Cydonii
517 1792 746 1843 opusculum
784 1793 829 1827 de
867 1789 1139 1828 contemnenda
1164 1801 1306 1832 morte,
1347 1801 1477 1839 graece
1508 1799 1545 1825 et
1573 1788 1701 1826 latine.

355 1851 579 1891 Recensuit,
643 1849 870 1893 emendavit,
918 1847 1124 1898 explicavit
1158 1847 1200 1884 C.
1241 1848 1285 1884 T.
1323 1845 1483 1882 Kuinol.
1555 1851 1579 1890 3
1608 1845 1700 1880 mai.

1151 1938 1158 1948 ,
1587 1914 1630 1938 ιο
1647 1913 1704 1950 gt.

309 1961 455 1997 Dionis
475 1963 746 2011 Chrysostomi
767 1962 969 2002 orationes.
1025 1963 1058 1998 E
1076 1961 1295 1998 recensione
1316 1962 1348 1996 Ι.
1364 1962 1394 1996 Ι.
1412 1959 1583 2000 Reiskii‚
1616 1971 1706 1995 cum

357 2018 526 2053 eiusdem
545 2018 784 2067 aliorumque
800 2018 1219 2055 Animadversionibus.
1264 2019 1354 2054 Ace.
1371 2019 1419 2053 Is.
1433 2014 1645 2051 casauboni
1662 2014 1707 2049 in

357 2075 530 2110 Dionem
562 2073 753 2110 Dianiba.
818 2072 862 2118 b)
882 2073 1058 2123 federici
1088 2073 1245 2109 Morelli
1272 2073 1425 2109 Scholia
1450 2073 1492 2107 in
1520 2072 1705 2107 Dionem.

360 2130 468 2166 Voll.
491 2132 539 2166 11.
590 2136 691 2178 1798.
738 2136 761 2174 3
778 2129 867 2164 mai.
915 2135 936 2172 5
957 2128 1066 2170 thlr.,
1115 2129 1242 2166 charta
1259 2129 1482 2178 scriptoria,
1572 2133 1595 2171 3
1615 2126 1705 2162 thlt.

313 2186 488 2226 Ernesti,
525 2188 556 2225 1.
577 2186 620 2222 C.
643 2186 687 2223 G.
702 2210 711 2224 ,
749 2184 794 2219 de
814 2184 949 2220 Suidae
966 2184 1249 2234 Lexicographi
1269 2196 1359 2226 usu,
1394 2183 1439 2218 ad
1458 2182 1574 2220 crisin
1595 2193 1631 2218 et
1647 2183 1706 2217 in-

363 2241 667 2287 terpretationem
686 2239 875 2276 librorum
897 2252 1102 2276 sacrorum.
1149 2247 1183 2285 8.
1208 2240 1297 2277 mai.
1608 2243 1630 2281 4
1649 2251 1706 2286 gr.

315 2295 619 2343 Euphormionis
655 2296 855 2336 Lusinini,
893 2297 993 2338 sive,
1027 2300 1080 2333 Io.
1109 2295 1292 2336 Barclaii,
1325 2295 1546 2342 Satyricon,
1578 2294 1620 2328 in
1650 2286 1707 2331 VI

363 2354 487 2387 Partes
509 2351 750 2400 dispertitum
779 2363 816 2387 et
835 2353 937 2387 notis
959 2353 1208 2397 illustratum.
1255 2354 1354 2389 Cum
1374 2350 1497 2388 Clavi.
1543 2351 1709 2387 Accessit

364 2407 610 2455 Conspiratio
626 2409 848 2458 Anglieana.
880 2407 1015 2444 Editio
1031 2420 1144 2448 nova.
1176 2414 1211 2452 8.
1230 2408 1319 2443 mai.
1347 2407 1475 2444 charta
1492 2408 1714 2457 scriptoiiff*

318 2518 515 2566 Εὖριπιδου
542 2519 697 2565 Ἐκαβη.
753 2520 786 2553 Ε
817 2519 1035 2555 recensione
1061 2530 1098 2555 et
1125 2531 1213 2555 cum
1245 2519 1348 2555 notis
1373 2519 1486 2555 Rich.
1517 2464 1711 2556 Fr.51t²ll¹1ill:
1757 2554 1760 2563 ,

364 2574 532 2613 Brunck,
597 2577 641 2609 In
667 2585 779 2608 usum
805 2574 1118 2622 praelectionum.
1185 2575 1319 2612 Editio
1347 2576 1496 2613 auctior
1522 2585 1559 2610 et
1588 2586 1712 2609 emen-

368 2632 513 2672 datior,
559 2642 647 2668 cum
680 2630 860 2666 varietate
896 2631 1074 2667 lectionis
1112 2632 1375 2668 Porsonianae.
1449 2632 1548 2668 Cura
1579 2632 1626 2667 G.
1659 2631 1712 2669 H.

369 2687 553 2723 Seliaefer.
604 2693 706 2730 1805.
752 2695 790 2731 8.
834 2686 951 2735 fign,
1001 2686 1127 2724 charta
1148 2687 1371 2735 scriptoria,
1616 2700 1638 2736 9
1655 2699 1714 2735 gr.

322 2742 692 2793 Efiezmbov‘Emfin.
747 2744 781 2780 E
813 2755 954 2781 recens.
982 2742 1095 2780 Rich.
1124 2745 1188 2780 Fr.
1212 2743 1281 2780 Ph.
1309 2741 1475 2781 Brunck.
1529 2745 1576 2780 In
1603 2755 1716 2779 usum

1567 2799 1714 2836 schola·
