1846 3308
622 290 991 340 *235*

111 443 254 484 rische·
282 443 525 496 Anfsaecze
556 453 600 493 p.
618 442 682 492 57.
708 441 811 478 item
846 437 1041 491 Magium
1074 437 1120 475 L.
1140 436 1214 475 IV.
1249 436 1350 476 Var.
1385 436 1504 474 Lect-

110 512 274 557 Verurn
294 521 378 555 iam
408 526 507 555 ante
526 511 832 554 Archilochum
860 509 1075 548 Hesiodus
1099 508 1142 547 id
1151 536 1165 556 ,
1195 509 1318 560 quod
1342 509 1506 547 Home-

111 604 182 629 rus
209 603 289 643 per
314 587 639 628 similitudinem
669 585 724 623 de
752 581 885 622 fluvio
918 581 1045 629 dixit,
1083 580 1139 619 ad
1170 583 1313 631 ipsum
1340 581 1506 632 Neptu-

112 680 218 706 num
265 667 479 706 transtulit
530 678 629 705 eum
671 661 970 701 tauriformem
1013 649 1343 711 repraesentans
1380 653 1504 696 Ἀσπ.

114 759 152 784 v.
178 749 262 796 104.
296 739 372 782 καὶ
414 733 594 796 ταύρεος
632 733 950 790 Ἐννοσὶγαιος;
1001 751 1130 789 quem
1167 736 1329 776 deinde
1375 739 1508 775 ceteri

116 824 252 858 secuti
280 831 494 859 oceanum
531 825 574 854 et
606 813 760 854 fluvios
797 814 954 865 passim
982 811 1254 851 tauriformes
1290 807 1507 849 exhibent.

115 891 310 944 Euripid.
342 879 496 930 Orest.>
519 894 630 935 1281.

252 962 470 1013 Ὠκεανὸς
507 959 557 1006 ὃν
599 959 994 1018 ταυρόκρανος
1032 954 1254 1012 ἀγκάλαις

252 1034 499 1089 Ἐλίσσων,
539 1038 701 1083 κυκλεῖ
730 1037 897 1095 χθόνα.

115 1124 237 1164 Idem
277 1124 368 1164 Ion.
391 1124 501 1164 1261.
567 1108 639 1158 ἶΩ
679 1113 1087 1171 ταυρόμορφον
1135 1109 1262 1171 ὄμμα
1299 1112 1507 1170 Κηφισοῦ

114 1182 293 1257 πατρός.
345 1197 414 1236 Sic
436 1199 563 1236 etiam
583 1195 739 1233 Latini.
761 1192 912 1247 Virgil.
934 1191 990 1231 de
1010 1191 1160 1231 Tiberi
1181 1192 1291 1230 Aen.
1312 1191 1426 1232 VIII.
1445 1204 1512 1243 77.

115 1277 329 1329 Corniger
374 1268 665 1322 Hesperidum
712 1265 864 1305 fluvius
919 1274 1126 1318 regnator
1185 1278 1409 1317 aquarum.
1467 1274 1512 1302 et

117 1349 278 1402 Georg.
301 1346 372 1385 IV.
395 1352 484 1394 37¹·
511 1342 565 1381 Et
590 1342 762 1395 gemina
793 1347 963 1377 auratus
994 1341 1166 1377 taurino
1198 1350 1362 1377 cornua
1391 1336 1514 1375 vultu

115 1421 343 1461 Eridanus.
396 1417 547 1455 Horat.
577 1415 623 1452 L.
643 1413 716 1451 IV.
742 1416 800 1462 14.
835 1417 896 1456 25.
949 1411 1019 1449 Sic
1046 1410 1306 1449 tauriformis
1334 1409 1514 1449 volvitur

117 1494 311 1535 Aufidus.
353 1491 407 1530 Et
422 1492 536 1528 inter
552 1490 817 1527 recentiores
829 1485 1021 1524 Ariostus
1041 1484 1088 1522 L.
1100 1482 1250 1522 XLIII.
1263 1480 1507 1536 Stroph.52.

245 1566 335 1618 Qui
364 1575 513 1616 presso
539 1574 629 1599 una
656 1555 755 1599 cittii
787 1558 968 1597 difende
1159 1541 1166 1551 ’

244 1639 280 1678 Il
316 1638 379 1677 Po
415 1632 480 1674 fra
513 1635 775 1673 minacciose
811 1645 836 1671 e
870 1630 974 1670 fiere
1011 1643 1156 1670 corna.

119 1711 251 1753 Unde
287 1720 331 1751 et
363 1709 573 1760 Neptuno
604 1716 647 1745 et
676 1703 816 1744 fluviis
847 1707 976 1744 etiam
1004 1708 1114 1744 tauri
1142 1702 1353 1744 immolari
1382 1701 1513 1741 soliti.

120 1790 208 1844 Ipsi
243 1791 372 1828 etiam
404 1783 524 1825 fluvii
559 1798 583 1824 e
619 1786 727 1823 mari
762 1781 1032 1836 profluentes
1067 1777 1234 1835 κέρατα
1261 1779 1366 1819 dicti
1401 1788 1514 1818 sunt.

121 1861 328 1916 Apollon.
350 1857 494 1899 Rhod.
523 1858 570 1896 L.
580 1858 641 1896 IV
643 1887 653 1896 .
674 1863 761 1904 232.

252 1930 350 1986 ''Eg-t
381 1930 424 1974 δέ
452 1947 517 1982 τις
545 1929 765 1987 ποταμὸς,
806 1926 977 1974 ὕπατον
1018 1927 1145 1987 κέρας
1182 1924 1407 1970 ὠκεανοῖο.

123 2015 353 2069 ubirschol.
381 2009 548 2066 κέρατα
569 2007 750 2063 λέγουσι
775 2007 855 2051 τοῦ
886 2004 1081 2050 ὠκεανοῦ
1111 2004 1280 2056 πάντας
1310 2002 1414 2056 τοὺς
1443 2017 1519 2047 πο·

124 2087 293 2148 ταμοὺς
314 2085 417 2142 τοὺς
442 2086 517 2130 ἀπ’
535 2079 674 2129 αὐτοῦ
700 2085 1101 2143 καταφερομένους.

734 2379 926 2424 ΟΧΧΧ.

240 2475 573 2527 Μασσαλιώτας
596 2474 674 2532 μὲν
698 2474 877 2532 λέγουσι
899 2474 990 2525 τοῖς
1018 2473 1150 2527 ὂςέοις
1176 2470 1524 2532 περιθριγκῶσαι

131 2557 235 2609 τοὺς
252 2554 540 2614 ἀμπελῶνας,
572 2554 653 2611 τὴν
676 2553 720 2596 δὲ
742 2555 850 2610 γῆν,
878 2551 968 2595 τῶν
992 2546 1153 2611 νεκρῶν
1182 2548 1527 2594 καταναλωθὲν·

131 2649 222 2678 των
259 2632 303 2678 ὲν
333 2625 474 2688 αὑτῇ,
514 2633 588 2676 καὶ
627 2632 697 2676 διὰ
735 2631 957 2688 χειμῶνος
995 2624 1178 2687 ὄμβρων
1216 2628 1528 2675 ἐπιπεσόντων,

135 2709 276 2763 οὕτως
295 2709 641 2767 ἐκλιπανθῆναι,
671 2709 745 2753 καὶ
769 2708 975 2766 γενέσθαι
1007 2705 1077 2751 διὰ
1104 2707 1278 2760 βάθους
1304 2703 1527 2763 περίπλεω

136 2790 211 2846 τῆς
233 2788 472 2845 σαπηδόνος
490 2787 687 2846 ὲνδύσης,
718 2784 800 2840 ιδ’ςε
821 2785 1001 2843 καρπῶν
1023 2782 1316 2843 ὑπερβάλλον
1334 2784 1392 2835 εἷς
1413 2779 1530 2840 α’)’ραν
