<?xml version="1.0" encoding="UTF-8"?>
<!DOCTYPE html PUBLIC "-//W3C//DTD XHTML 1.0 Transitional//EN"
    "http://www.w3.org/TR/xhtml1/DTD/xhtml1-transitional.dtd">
<html xmlns="http://www.w3.org/1999/xhtml" xml:lang="en" lang="en">
 <head>
  <title>
</title>
<meta http-equiv="Content-Type" content="text/html;charset=utf-8" />
  <meta name='ocr-system' content='tesseract 3.04.00' />
  <meta name='ocr-capabilities' content='ocr_page ocr_carea ocr_par ocr_line ocrx_word'/>
</head>
<body>
  <div class='ocr_page' id='page_1' title='image "./iambographorumpr00archuoft_0112.png"; bbox 0 0 1846 3308; ppageno 0'>
   <div class='ocr_carea' id='block_1_1' title="bbox 787 292 1126 341">
    <p class='ocr_par' dir='ltr' id='par_1_1' title="bbox 787 292 1126 341">
     <span class='ocr_line' id='line_1_1' title="bbox 787 292 1126 341; baseline 0.009 -22"><span class='ocrx_word' id='word_1_1' title='bbox 787 292 1126 341; x_wconf 74' lang='lat'><strong>...35-.-.</strong></span> 
     </span>
    </p>
   </div>
   <div class='ocr_carea' id='block_1_2' title="bbox 262 415 1654 549">
    <p class='ocr_par' dir='ltr' id='par_1_2' title="bbox 262 415 1654 549">
     <span class='ocr_line' id='line_1_2' title="bbox 263 415 1653 476; baseline 0.006 -22"><span class='ocrx_word' id='word_1_2' title='bbox 263 415 476 469; x_wconf 84' lang='lat' dir='ltr'>gendum,</span> <span class='ocrx_word' id='word_1_3' title='bbox 522 427 571 456; x_wconf 86' lang='lat' dir='ltr'>ut</span> <span class='ocrx_word' id='word_1_4' title='bbox 596 427 780 457; x_wconf 83' lang='lat' dir='ltr'>metrum</span> <span class='ocrx_word' id='word_1_5' title='bbox 819 428 999 458; x_wconf 86' lang='lat' dir='ltr'>constet.</span> <span class='ocrx_word' id='word_1_6' title='bbox 1062 419 1219 472; x_wconf 83' lang='lat' dir='ltr'>Capilli</span> <span class='ocrx_word' id='word_1_7' title='bbox 1255 429 1397 459; x_wconf 86' lang='lat' dir='ltr'>autem</span> <span class='ocrx_word' id='word_1_8' title='bbox 1432 421 1653 476; x_wconf 80' lang='lat' dir='ltr'><strong>longiores</strong></span> 
     </span>
     <span class='ocr_line' id='line_1_3' title="bbox 262 488 1654 549; baseline 0.005 -22"><span class='ocrx_word' id='word_1_9' title='bbox 262 488 590 543; x_wconf 64' lang='lat' dir='ltr'><strong>densioresque,</strong></span> <span class='ocrx_word' id='word_1_10' title='bbox 621 505 729 544; x_wconf 86' lang='lat' dir='ltr'>quos</span> <span class='ocrx_word' id='word_1_11' title='bbox 747 490 1029 530; x_wconf 87' lang='lat' dir='ltr'>Archilochus</span> <span class='ocrx_word' id='word_1_12' title='bbox 1053 494 1099 531; x_wconf 90' lang='lat' dir='ltr'>in</span> <span class='ocrx_word' id='word_1_13' title='bbox 1126 496 1284 533; x_wconf 77' lang='lat' dir='ltr'>amasia</span> <span class='ocrx_word' id='word_1_14' title='bbox 1305 493 1470 541; x_wconf 87' lang='lat' dir='ltr'>laudat,</span> <span class='ocrx_word' id='word_1_15' title='bbox 1496 508 1654 549; x_wconf 82' lang='lat' dir='ltr'>magna</span> 
     </span>
    </p>
   </div>
   <div class='ocr_carea' id='block_1_3' title="bbox 260 566 1657 925">
    <p class='ocr_par' dir='ltr' id='par_1_3' title="bbox 260 566 1657 925">
     <span class='ocr_line' id='line_1_4' title="bbox 260 566 1653 622; baseline 0.005 -18"><span class='ocrx_word' id='word_1_16' title='bbox 260 578 358 618; x_wconf 80' lang='lat' dir='ltr'>pars</span> <span class='ocrx_word' id='word_1_17' title='bbox 397 566 729 619; x_wconf 83' lang='lat' dir='ltr'><strong>pulchritudinis</strong></span> <span class='ocrx_word' id='word_1_18' title='bbox 773 582 944 620; x_wconf 85' lang='lat' dir='ltr'>semper</span> <span class='ocrx_word' id='word_1_19' title='bbox 978 568 1127 610; x_wconf 84' lang='lat' dir='ltr'>habiti.</span> <span class='ocrx_word' id='word_1_20' title='bbox 1198 570 1321 610; x_wconf 86' lang='lat' dir='ltr'>Iliad.</span> <span class='ocrx_word' id='word_1_21' title='bbox 1347 581 1391 622; x_wconf 73' lang='grc' dir='ltr'>γ.</span> <span class='ocrx_word' id='word_1_22' title='bbox 1427 585 1466 610; x_wconf 89' lang='lat' dir='ltr'>v.</span> <span class='ocrx_word' id='word_1_23' title='bbox 1498 577 1561 619; x_wconf 79' lang='lat'>53.</span> <span class='ocrx_word' id='word_1_24' title='bbox 1599 572 1653 611; x_wconf 91' lang='lat' dir='ltr'>de</span> 
     </span>
     <span class='ocr_line' id='line_1_5' title="bbox 261 635 1656 701; baseline 0.002 -19"><span class='ocrx_word' id='word_1_25' title='bbox 261 643 586 695; x_wconf 84' lang='lat' dir='ltr'>pulchritudine</span> <span class='ocrx_word' id='word_1_26' title='bbox 613 646 802 685; x_wconf 84' lang='lat' dir='ltr'>Paridis:</span> <span class='ocrx_word' id='word_1_27' title='bbox 841 635 940 684; x_wconf 78' lang='grc' dir='ltr'>Οὐκ</span> <span class='ocrx_word' id='word_1_28' title='bbox 971 638 1025 684; x_wconf 75' lang='grc' dir='ltr'>ἅν</span> <span class='ocrx_word' id='word_1_29' title='bbox 1054 659 1123 686; x_wconf 80' lang='grc' dir='ltr'>τοι</span> <span class='ocrx_word' id='word_1_30' title='bbox 1152 644 1352 701; x_wconf 68' lang='grc' dir='ltr'><strong><em>χραίσμῃ</em></strong></span> <span class='ocrx_word' id='word_1_31' title='bbox 1383 644 1568 701; x_wconf 70' lang='grc' dir='ltr'>κίθαρις.</span> <span class='ocrx_word' id='word_1_32' title='bbox 1597 644 1656 686; x_wconf 78' lang='grc' dir='ltr'>τά</span> 
     </span>
     <span class='ocr_line' id='line_1_6' title="bbox 261 715 1654 778; baseline 0.004 -18"><span class='ocrx_word' id='word_1_33' title='bbox 261 734 312 760; x_wconf 81' lang='grc' dir='ltr'>τε</span> <span class='ocrx_word' id='word_1_34' title='bbox 342 717 440 774; x_wconf 78' lang='grc' dir='ltr'><em>δῶρ’</em></span> <span class='ocrx_word' id='word_1_35' title='bbox 466 718 747 778; x_wconf 72' lang='grc' dir='ltr'>’Δφροδίτης,</span> <span class='ocrx_word' id='word_1_36' title='bbox 788 715 852 760; x_wconf 86' lang='lat' dir='ltr'>“H</span> <span class='ocrx_word' id='word_1_37' title='bbox 892 734 952 763; x_wconf 75' lang='grc' dir='ltr'>τε</span> <span class='ocrx_word' id='word_1_38' title='bbox 990 721 1160 777; x_wconf 71' lang='grc' dir='ltr'><strong><em>κόμη,</em></strong></span> <span class='ocrx_word' id='word_1_39' title='bbox 1189 722 1243 764; x_wconf 73' lang='grc' dir='ltr'>τό</span> <span class='ocrx_word' id='word_1_40' title='bbox 1275 737 1325 766; x_wconf 78' lang='grc' dir='ltr'>τε</span> <span class='ocrx_word' id='word_1_41' title='bbox 1353 717 1474 773; x_wconf 80' lang='grc' dir='ltr'>εἶδος.</span> <span class='ocrx_word' id='word_1_42' title='bbox 1525 726 1654 771; x_wconf 82' lang='lat' dir='ltr'>Unde</span> 
     </span>
     <span class='ocr_line' id='line_1_7' title="bbox 260 796 1655 852; baseline 0.003 -18"><span class='ocrx_word' id='word_1_43' title='bbox 260 805 420 846; x_wconf 84' lang='lat' dir='ltr'>poetae</span> <span class='ocrx_word' id='word_1_44' title='bbox 464 799 511 835; x_wconf 90' lang='lat' dir='ltr'>in</span> <span class='ocrx_word' id='word_1_45' title='bbox 553 796 776 836; x_wconf 79' lang='lat' dir='ltr'>laudanda</span> <span class='ocrx_word' id='word_1_46' title='bbox 821 796 1171 852; x_wconf 81' lang='lat' dir='ltr'>celebrandaque</span> <span class='ocrx_word' id='word_1_47' title='bbox 1218 799 1358 839; x_wconf 83' lang='lat' dir='ltr'>forma</span> <span class='ocrx_word' id='word_1_48' title='bbox 1396 799 1655 851; x_wconf 87' lang='lat' dir='ltr'>plerumque</span> 
     </span>
     <span class='ocr_line' id='line_1_8' title="bbox 262 869 1657 925; baseline 0.004 -19"><span class='ocrx_word' id='word_1_49' title='bbox 262 881 413 907; x_wconf 89' lang='lat' dir='ltr'>eorum</span> <span class='ocrx_word' id='word_1_50' title='bbox 449 872 700 909; x_wconf 82' lang='lat' dir='ltr'>meminere.</span> <span class='ocrx_word' id='word_1_51' title='bbox 763 869 977 910; x_wconf 87' lang='lat' dir='ltr'>Homerus</span> <span class='ocrx_word' id='word_1_52' title='bbox 1012 874 1058 911; x_wconf 88' lang='lat' dir='ltr'>in</span> <span class='ocrx_word' id='word_1_53' title='bbox 1096 875 1269 922; x_wconf 86' lang='lat' dir='ltr'>paucis,</span> <span class='ocrx_word' id='word_1_54' title='bbox 1318 885 1431 924; x_wconf 80' lang='lat' dir='ltr'>quae</span> <span class='ocrx_word' id='word_1_55' title='bbox 1467 872 1522 911; x_wconf 88' lang='lat' dir='ltr'>de</span> <span class='ocrx_word' id='word_1_56' title='bbox 1557 871 1657 925; x_wconf 86' lang='lat' dir='ltr'>pul·</span> 
     </span>
    </p>
   </div>
   <div class='ocr_carea' id='block_1_4' title="bbox 259 940 1656 2465">
    <p class='ocr_par' dir='ltr' id='par_1_4' title="bbox 259 940 1656 2465">
     <span class='ocr_line' id='line_1_9' title="bbox 263 940 1653 1002; baseline 0.003 -18"><span class='ocrx_word' id='word_1_57' title='bbox 263 945 507 986; x_wconf 86' lang='lat' dir='ltr'>chritudine</span> <span class='ocrx_word' id='word_1_58' title='bbox 527 948 728 986; x_wconf 82' lang='lat' dir='ltr'>Helenae</span> <span class='ocrx_word' id='word_1_59' title='bbox 746 949 876 996; x_wconf 84' lang='lat' dir='ltr'>canit,</span> <span class='ocrx_word' id='word_1_60' title='bbox 913 962 1006 987; x_wconf 89' lang='lat' dir='ltr'>eam</span> <span class='ocrx_word' id='word_1_61' title='bbox 1035 940 1231 1001; x_wconf 65' lang='grc' dir='ltr'>ἢῦκομον</span> <span class='ocrx_word' id='word_1_62' title='bbox 1258 960 1399 999; x_wconf 86' lang='lat' dir='ltr'>vocat,</span> <span class='ocrx_word' id='word_1_63' title='bbox 1433 950 1482 989; x_wconf 92' lang='lat' dir='ltr'>Il.</span> <span class='ocrx_word' id='word_1_64' title='bbox 1502 961 1544 1002; x_wconf 73' lang='grc' dir='ltr'>γ.</span> <span class='ocrx_word' id='word_1_65' title='bbox 1563 957 1653 1001; x_wconf 75' lang='lat'><strong>329.</strong></span> 
     </span>
     <span class='ocr_line' id='line_1_10' title="bbox 261 1017 1653 1081; baseline 0.003 -21"><span class='ocrx_word' id='word_1_66' title='bbox 261 1017 306 1060; x_wconf 88' lang='grc' dir='ltr'>λ.</span> <span class='ocrx_word' id='word_1_67' title='bbox 336 1025 423 1069; x_wconf 82' lang='lat'>506.</span> <span class='ocrx_word' id='word_1_68' title='bbox 463 1035 505 1064; x_wconf 87' lang='lat' dir='ltr'>et</span> <span class='ocrx_word' id='word_1_69' title='bbox 532 1019 812 1075; x_wconf 75' lang='grc' dir='ltr'>καλλίκομον</span> <span class='ocrx_word' id='word_1_70' title='bbox 842 1024 993 1081; x_wconf 85' lang='lat' dir='ltr'>Odyss.</span> <span class='ocrx_word' id='word_1_71' title='bbox 1022 1036 1058 1064; x_wconf 87' lang='grc' dir='ltr'>ο.</span> <span class='ocrx_word' id='word_1_72' title='bbox 1085 1033 1173 1075; x_wconf 74' lang='grc'>53.,</span> <span class='ocrx_word' id='word_1_73' title='bbox 1211 1037 1260 1065; x_wconf 89' lang='lat' dir='ltr'>ut</span> <span class='ocrx_word' id='word_1_74' title='bbox 1295 1030 1382 1066; x_wconf 85' lang='lat' dir='ltr'>iam</span> <span class='ocrx_word' id='word_1_75' title='bbox 1407 1028 1653 1080; x_wconf 82' lang='lat' dir='ltr'>Lessingius</span> 
     </span>
     <span class='ocr_line' id='line_1_11' title="bbox 263 1101 1653 1155; baseline 0 -14"><span class='ocrx_word' id='word_1_76' title='bbox 263 1102 531 1142; x_wconf 64' lang='lat' dir='ltr'>observavit.&gt;</span> <span class='ocrx_word' id='word_1_77' title='bbox 579 1104 649 1141; x_wconf 88' lang='lat' dir='ltr'>Sic</span> <span class='ocrx_word' id='word_1_78' title='bbox 687 1112 730 1141; x_wconf 87' lang='lat' dir='ltr'>et</span> <span class='ocrx_word' id='word_1_79' title='bbox 755 1103 907 1142; x_wconf 81' lang='lat' dir='ltr'>Briseis</span> <span class='ocrx_word' id='word_1_80' title='bbox 943 1104 1145 1143; x_wconf 84' lang='lat' dir='ltr'>laudatur</span> <span class='ocrx_word' id='word_1_81' title='bbox 1179 1105 1227 1143; x_wconf 92' lang='lat' dir='ltr'>Il.</span> <span class='ocrx_word' id='word_1_82' title='bbox 1255 1101 1302 1153; x_wconf 85' lang='grc' dir='ltr'>β.</span> <span class='ocrx_word' id='word_1_83' title='bbox 1338 1106 1425 1155; x_wconf 84' lang='grc'>689.</span> <span class='ocrx_word' id='word_1_84' title='bbox 1464 1113 1507 1142; x_wconf 91' lang='lat' dir='ltr'>et</span> <span class='ocrx_word' id='word_1_85' title='bbox 1543 1103 1653 1142; x_wconf 81' lang='lat' dir='ltr'>aliae</span> 
     </span>
     <span class='ocr_line' id='line_1_12' title="bbox 260 1177 1656 1233; baseline 0.001 -17"><span class='ocrx_word' id='word_1_86' title='bbox 260 1179 419 1230; x_wconf 84' lang='lat' dir='ltr'>plures.</span> <span class='ocrx_word' id='word_1_87' title='bbox 447 1179 591 1231; x_wconf 86' lang='lat' dir='ltr'>Eurip.</span> <span class='ocrx_word' id='word_1_88' title='bbox 619 1177 841 1218; x_wconf 86' lang='lat' dir='ltr'>Phoeniss.</span> <span class='ocrx_word' id='word_1_89' title='bbox 869 1192 907 1218; x_wconf 89' lang='lat' dir='ltr'>v.</span> <span class='ocrx_word' id='word_1_90' title='bbox 932 1187 1019 1226; x_wconf 79' lang='lat'>231.</span> <span class='ocrx_word' id='word_1_91' title='bbox 1058 1194 1225 1219; x_wconf 85' lang='lat' dir='ltr'>comam</span> <span class='ocrx_word' id='word_1_92' title='bbox 1261 1181 1363 1220; x_wconf 87' lang='lat' dir='ltr'>ideo</span> <span class='ocrx_word' id='word_1_93' title='bbox 1398 1186 1524 1220; x_wconf 86' lang='lat' dir='ltr'>vocat</span> <span class='ocrx_word' id='word_1_94' title='bbox 1549 1191 1656 1233; x_wconf 80' lang='grc' dir='ltr'>παρ-</span> 
     </span>
     <span class='ocr_line' id='line_1_13' title="bbox 260 1250 1653 1310; baseline 0.001 -15"><span class='ocrx_word' id='word_1_95' title='bbox 260 1252 406 1296; x_wconf 69' lang='grc' dir='ltr'>θένιον</span> <span class='ocrx_word' id='word_1_96' title='bbox 428 1250 612 1308; x_wconf 67' lang='grc' dir='ltr'>χλιδᾶν.</span> <span class='ocrx_word' id='word_1_97' title='bbox 632 1255 709 1295; x_wconf 90' lang='lat' dir='ltr'>ubi</span> <span class='ocrx_word' id='word_1_98' title='bbox 731 1255 873 1295; x_wconf 89' lang='lat' dir='ltr'>Schol.</span> <span class='ocrx_word' id='word_1_99' title='bbox 894 1252 1047 1309; x_wconf 80' lang='grc' dir='ltr'><strong><em>κόμας,</em></strong></span> <span class='ocrx_word' id='word_1_100' title='bbox 1079 1252 1124 1295; x_wconf 82' lang='grc' dir='ltr'>αἳ</span> <span class='ocrx_word' id='word_1_101' title='bbox 1145 1252 1315 1304; x_wconf 74' lang='grc' dir='ltr'>κάλλος</span> <span class='ocrx_word' id='word_1_102' title='bbox 1334 1252 1408 1295; x_wconf 76' lang='grc' dir='ltr'>καὶ</span> <span class='ocrx_word' id='word_1_103' title='bbox 1429 1253 1579 1310; x_wconf 78' lang='grc' dir='ltr'><strong>τρυφή</strong></span> <span class='ocrx_word' id='word_1_104' title='bbox 1595 1253 1653 1307; x_wconf 81' lang='grc' dir='ltr'>ἐςι</span> 
     </span>
     <span class='ocr_line' id='line_1_14' title="bbox 262 1329 1654 1386; baseline 0.001 -12"><span class='ocrx_word' id='word_1_105' title='bbox 262 1335 343 1385; x_wconf 75' lang='lat' dir='ltr'>(an</span> <span class='ocrx_word' id='word_1_106' title='bbox 363 1331 501 1384; x_wconf 70' lang='grc' dir='ltr'><em>εἶσιῖ)</em></span> <span class='ocrx_word' id='word_1_107' title='bbox 525 1330 615 1372; x_wconf 74' lang='grc' dir='ltr'>τῶν</span> <span class='ocrx_word' id='word_1_108' title='bbox 636 1329 881 1385; x_wconf 71' lang='grc' dir='ltr'><em>παρθένων.</em></span> <span class='ocrx_word' id='word_1_109' title='bbox 911 1335 1026 1373; x_wconf 92' lang='lat' dir='ltr'>Hinc</span> <span class='ocrx_word' id='word_1_110' title='bbox 1045 1337 1172 1373; x_wconf 79' lang='lat' dir='ltr'>etiam</span> <span class='ocrx_word' id='word_1_111' title='bbox 1191 1333 1372 1386; x_wconf 86' lang='lat' dir='ltr'>pulchra</span> <span class='ocrx_word' id='word_1_112' title='bbox 1389 1334 1464 1374; x_wconf 84' lang='lat' dir='ltr'>illa</span> <span class='ocrx_word' id='word_1_113' title='bbox 1483 1349 1654 1375; x_wconf 88' lang='lat' dir='ltr'>morum</span> 
     </span>
     <span class='ocr_line' id='line_1_15' title="bbox 260 1405 1653 1452; baseline 0.001 -6"><span class='ocrx_word' id='word_1_114' title='bbox 260 1407 538 1447; x_wconf 84' lang='lat' dir='ltr'>muliebrium</span> <span class='ocrx_word' id='word_1_115' title='bbox 557 1411 717 1447; x_wconf 84' lang='lat' dir='ltr'>notatio</span> <span class='ocrx_word' id='word_1_116' title='bbox 735 1410 782 1446; x_wconf 90' lang='lat' dir='ltr'>in</span> <span class='ocrx_word' id='word_1_117' title='bbox 794 1407 934 1446; x_wconf 86' lang='lat' dir='ltr'>Orest.</span> <span class='ocrx_word' id='word_1_118' title='bbox 953 1420 991 1446; x_wconf 90' lang='lat' dir='ltr'>v.</span> <span class='ocrx_word' id='word_1_119' title='bbox 1007 1412 1090 1452; x_wconf 81' lang='lat'>128.</span> <span class='ocrx_word' id='word_1_120' title='bbox 1113 1405 1189 1445; x_wconf 90' lang='lat' dir='ltr'>ubi</span> <span class='ocrx_word' id='word_1_121' title='bbox 1211 1406 1314 1445; x_wconf 89' lang='lat' dir='ltr'>dum</span> <span class='ocrx_word' id='word_1_122' title='bbox 1325 1407 1496 1447; x_wconf 83' lang='lat' dir='ltr'>Helena</span> <span class='ocrx_word' id='word_1_123' title='bbox 1515 1421 1653 1448; x_wconf 82' lang='lat' dir='ltr'>comas</span> 
     </span>
     <span class='ocr_line' id='line_1_16' title="bbox 260 1478 1653 1533; baseline 0.001 -14"><span class='ocrx_word' id='word_1_124' title='bbox 260 1480 342 1519; x_wconf 86' lang='lat' dir='ltr'>sibi</span> <span class='ocrx_word' id='word_1_125' title='bbox 359 1491 542 1519; x_wconf 79' lang='lat' dir='ltr'>resectas</span> <span class='ocrx_word' id='word_1_126' title='bbox 563 1478 793 1533; x_wconf 85' lang='lat' dir='ltr'>sepulchro</span> <span class='ocrx_word' id='word_1_127' title='bbox 814 1481 972 1519; x_wconf 89' lang='lat' dir='ltr'>sororis</span> <span class='ocrx_word' id='word_1_128' title='bbox 990 1482 1158 1531; x_wconf 87' lang='lat' dir='ltr'>imponi</span> <span class='ocrx_word' id='word_1_129' title='bbox 1177 1479 1314 1528; x_wconf 89' lang='lat' dir='ltr'>iubet,</span> <span class='ocrx_word' id='word_1_130' title='bbox 1338 1480 1508 1521; x_wconf 86' lang='lat' dir='ltr'>Electra</span> <span class='ocrx_word' id='word_1_131' title='bbox 1528 1480 1653 1525; x_wconf 88' lang='lat' dir='ltr'>dicit:</span> 
     </span>
     <span class='ocr_line' id='line_1_17' title="bbox 426 1551 1398 1617; baseline 0 -17"><span class='ocrx_word' id='word_1_132' title='bbox 426 1556 579 1603; x_wconf 78' lang='grc' dir='ltr'><em>Εἴδετε</em></span> <span class='ocrx_word' id='word_1_133' title='bbox 608 1559 709 1617; x_wconf 77' lang='grc' dir='ltr'>παρ’</span> <span class='ocrx_word' id='word_1_134' title='bbox 738 1552 874 1615; x_wconf 74' lang='grc' dir='ltr'><strong>ἄκρας</strong></span> <span class='ocrx_word' id='word_1_135' title='bbox 907 1557 962 1608; x_wconf 82' lang='grc' dir='ltr'>ὡς</span> <span class='ocrx_word' id='word_1_136' title='bbox 993 1551 1206 1614; x_wconf 72' lang='grc' dir='ltr'>ἀπέθριξε</span> <span class='ocrx_word' id='word_1_137' title='bbox 1236 1556 1398 1615; x_wconf 75' lang='grc' dir='ltr'><strong><em>τρίχας</em></strong></span> 
     </span>
     <span class='ocr_line' id='line_1_18' title="bbox 421 1632 1473 1695; baseline 0 -16"><span class='ocrx_word' id='word_1_138' title='bbox 421 1637 643 1695; x_wconf 71' lang='grc' dir='ltr'>Σώζουσα</span> <span class='ocrx_word' id='word_1_139' title='bbox 685 1634 924 1687; x_wconf 65' lang='grc' dir='ltr'>κάλλος·</span> <span class='ocrx_word' id='word_1_140' title='bbox 971 1633 1029 1688; x_wconf 77' lang='grc' dir='ltr'>ἐςὶ</span> <span class='ocrx_word' id='word_1_141' title='bbox 1062 1634 1095 1677; x_wconf 81' lang='grc' dir='ltr'>δ’</span> <span class='ocrx_word' id='word_1_142' title='bbox 1124 1632 1320 1690; x_wconf 72' lang='grc' dir='ltr'>ἣπάλαι</span> <span class='ocrx_word' id='word_1_143' title='bbox 1348 1635 1473 1692; x_wconf 72' lang='grc' dir='ltr'><strong>γυνή.</strong></span> 
     </span>
     <span class='ocr_line' id='line_1_19' title="bbox 259 1714 1654 1775; baseline 0.001 -16"><span class='ocrx_word' id='word_1_144' title='bbox 259 1719 515 1761; x_wconf 85' lang='lat' dir='ltr'>Aristaenet.</span> <span class='ocrx_word' id='word_1_145' title='bbox 554 1723 600 1761; x_wconf 90' lang='lat' dir='ltr'>L.</span> <span class='ocrx_word' id='word_1_146' title='bbox 629 1722 682 1761; x_wconf 89' lang='grc' dir='ltr'>Π.</span> <span class='ocrx_word' id='word_1_147' title='bbox 722 1724 842 1774; x_wconf 85' lang='lat' dir='ltr'>epist.</span> <span class='ocrx_word' id='word_1_148' title='bbox 871 1722 908 1762; x_wconf 88' lang='lat'>6.</span> <span class='ocrx_word' id='word_1_149' title='bbox 945 1733 988 1772; x_wconf 86' lang='lat' dir='ltr'>p.</span> <span class='ocrx_word' id='word_1_150' title='bbox 1017 1734 1079 1772; x_wconf 87' lang='lat'>77.</span> <span class='ocrx_word' id='word_1_151' title='bbox 1142 1714 1200 1756; x_wconf 78' lang='lat' dir='ltr'>‘H</span> <span class='ocrx_word' id='word_1_152' title='bbox 1239 1714 1282 1758; x_wconf 78' lang='grc' dir='ltr'>δὲ</span> <span class='ocrx_word' id='word_1_153' title='bbox 1320 1714 1462 1775; x_wconf 70' lang='grc' dir='ltr'><strong><em>κόμη,</em></strong></span> <span class='ocrx_word' id='word_1_154' title='bbox 1507 1717 1654 1771; x_wconf 74' lang='grc' dir='ltr'><em>βαβαὶ</em></span> 
     </span>
     <span class='ocr_line' id='line_1_20' title="bbox 259 1787 1653 1852; baseline 0.004 -16"><span class='ocrx_word' id='word_1_155' title='bbox 259 1794 333 1849; x_wconf 77' lang='grc' dir='ltr'>τῆς</span> <span class='ocrx_word' id='word_1_156' title='bbox 385 1793 599 1851; x_wconf 75' lang='grc' dir='ltr'>ἀγλαΐας,</span> <span class='ocrx_word' id='word_1_157' title='bbox 661 1792 718 1845; x_wconf 81' lang='grc' dir='ltr'>ὡς</span> <span class='ocrx_word' id='word_1_158' title='bbox 761 1787 1021 1850; x_wconf 76' lang='grc' dir='ltr'>τετανότριξ</span> <span class='ocrx_word' id='word_1_159' title='bbox 1066 1790 1090 1849; x_wconf 74' lang='grc' dir='ltr'><strong><em>ἦ</em></strong></span> <span class='ocrx_word' id='word_1_160' title='bbox 1130 1794 1252 1844; x_wconf 80' lang='grc' dir='ltr'><em>παῖς·</em></span> <span class='ocrx_word' id='word_1_161' title='bbox 1316 1794 1406 1836; x_wconf 80' lang='grc' dir='ltr'>τῶν</span> <span class='ocrx_word' id='word_1_162' title='bbox 1454 1796 1535 1852; x_wconf 80' lang='grc' dir='ltr'>μὲν</span> <span class='ocrx_word' id='word_1_163' title='bbox 1574 1788 1653 1841; x_wconf 74' lang='grc' dir='ltr'>οὖν</span> 
     </span>
     <span class='ocr_line' id='line_1_21' title="bbox 262 1867 1653 1934; baseline 0.003 -20"><span class='ocrx_word' id='word_1_164' title='bbox 262 1869 441 1928; x_wconf 78' lang='grc' dir='ltr'>ὀφρύων</span> <span class='ocrx_word' id='word_1_165' title='bbox 470 1872 695 1930; x_wconf 78' lang='grc' dir='ltr'>ἐμμέτρως</span> <span class='ocrx_word' id='word_1_166' title='bbox 726 1871 1006 1925; x_wconf 52' lang='lat' dir='ltr'>&amp;vegula-ou,</span> <span class='ocrx_word' id='word_1_167' title='bbox 1038 1870 1127 1916; x_wconf 68' lang='grc' dir='ltr'>τοῦ,</span> <span class='ocrx_word' id='word_1_168' title='bbox 1159 1870 1203 1913; x_wconf 77' lang='grc' dir='ltr'>δὲ</span> <span class='ocrx_word' id='word_1_169' title='bbox 1234 1867 1423 1929; x_wconf 78' lang='grc' dir='ltr'>αὗχένος</span> <span class='ocrx_word' id='word_1_170' title='bbox 1457 1870 1653 1934; x_wconf 75' lang='grc' dir='ltr'>ἐπιχαρί-</span> 
     </span>
     <span class='ocr_line' id='line_1_22' title="bbox 259 1944 1650 2007; baseline 0.002 -14"><span class='ocrx_word' id='word_1_171' title='bbox 259 1966 346 2000; x_wconf 74' lang='grc' dir='ltr'>τως</span> <span class='ocrx_word' id='word_1_172' title='bbox 384 1949 684 2006; x_wconf 72' lang='grc' dir='ltr'>καθὴπλωται</span> <span class='ocrx_word' id='word_1_173' title='bbox 728 1949 802 1993; x_wconf 80' lang='grc' dir='ltr'>καὶ</span> <span class='ocrx_word' id='word_1_174' title='bbox 843 1951 938 1994; x_wconf 81' lang='grc' dir='ltr'>τοῖν</span> <span class='ocrx_word' id='word_1_175' title='bbox 979 1944 1117 2006; x_wconf 68' lang='grc' dir='ltr'>ὤμων</span> <span class='ocrx_word' id='word_1_176' title='bbox 1166 1954 1269 2007; x_wconf 87' lang='lat' dir='ltr'>(pro</span> <span class='ocrx_word' id='word_1_177' title='bbox 1307 1946 1438 1994; x_wconf 67' lang='grc' dir='ltr'>α’)’τοιν</span> <span class='ocrx_word' id='word_1_178' title='bbox 1479 1957 1650 1996; x_wconf 89' lang='lat' dir='ltr'>emend.</span> 
     </span>
     <span class='ocr_line' id='line_1_23' title="bbox 259 2025 1652 2081; baseline 0.001 -14"><span class='ocrx_word' id='word_1_179' title='bbox 259 2027 480 2080; x_wconf 82' lang='lat' dir='ltr'>Abresch).</span> <span class='ocrx_word' id='word_1_180' title='bbox 513 2028 600 2081; x_wconf 90' lang='lat' dir='ltr'>Ipsi</span> <span class='ocrx_word' id='word_1_181' title='bbox 626 2029 701 2068; x_wconf 89' lang='lat' dir='ltr'>Dii</span> <span class='ocrx_word' id='word_1_182' title='bbox 725 2028 940 2080; x_wconf 84' lang='lat' dir='ltr'>Deaeque</span> <span class='ocrx_word' id='word_1_183' title='bbox 979 2042 1002 2067; x_wconf 86' lang='lat' dir='ltr'>a</span> <span class='ocrx_word' id='word_1_184' title='bbox 1037 2025 1360 2080; x_wconf 85' lang='lat' dir='ltr'>pulchritudine</span> <span class='ocrx_word' id='word_1_185' title='bbox 1397 2028 1652 2081; x_wconf 81' lang='lat' dir='ltr'>capillorum</span> 
     </span>
     <span class='ocr_line' id='line_1_24' title="bbox 259 2095 1651 2159; baseline 0.001 -15"><span class='ocrx_word' id='word_1_186' title='bbox 259 2109 400 2156; x_wconf 87' lang='lat' dir='ltr'>poetis</span> <span class='ocrx_word' id='word_1_187' title='bbox 426 2110 582 2158; x_wconf 82' lang='lat' dir='ltr'>passim</span> <span class='ocrx_word' id='word_1_188' title='bbox 614 2105 817 2145; x_wconf 80' lang='lat' dir='ltr'>dicuntur</span> <span class='ocrx_word' id='word_1_189' title='bbox 843 2095 1148 2159; x_wconf 72' lang='grc' dir='ltr'>εὖπλόκαμοι,</span> <span class='ocrx_word' id='word_1_190' title='bbox 1197 2099 1493 2157; x_wconf 65' lang='grc' dir='ltr'>καλλίκομοι,</span> <span class='ocrx_word' id='word_1_191' title='bbox 1543 2101 1651 2145; x_wconf 82' lang='grc' dir='ltr'>καλ-</span> 
     </span>
     <span class='ocr_line' id='line_1_25' title="bbox 261 2174 1650 2238; baseline 0.004 -18"><span class='ocrx_word' id='word_1_192' title='bbox 261 2176 562 2236; x_wconf 76' lang='grc' dir='ltr'>λιπλόκαμοι,</span> <span class='ocrx_word' id='word_1_193' title='bbox 619 2178 889 2235; x_wconf 72' lang='grc' dir='ltr'>ἁβρόκομοι,</span> <span class='ocrx_word' id='word_1_194' title='bbox 945 2180 1277 2238; x_wconf 79' lang='grc' dir='ltr'>χρυσοχαῖται,</span> <span class='ocrx_word' id='word_1_195' title='bbox 1339 2174 1528 2235; x_wconf 65' lang='grc' dir='ltr'>ἦῦκομοι</span> <span class='ocrx_word' id='word_1_196' title='bbox 1569 2196 1650 2225; x_wconf 87' lang='lat' dir='ltr'>etc.</span> 
     </span>
     <span class='ocr_line' id='line_1_26' title="bbox 260 2247 1648 2315; baseline 0.003 -17"><span class='ocrx_word' id='word_1_197' title='bbox 260 2261 329 2299; x_wconf 71' lang='lat' dir='ltr'>sic</span> <span class='ocrx_word' id='word_1_198' title='bbox 355 2261 503 2300; x_wconf 67' lang='lat' dir='ltr'>Thetis</span> <span class='ocrx_word' id='word_1_199' title='bbox 531 2260 578 2300; x_wconf 91' lang='lat'>11.</span> <span class='ocrx_word' id='word_1_200' title='bbox 603 2259 637 2301; x_wconf 79' lang='grc' dir='ltr'>δ.</span> <span class='ocrx_word' id='word_1_201' title='bbox 673 2270 758 2309; x_wconf 84' lang='lat'>512.</span> <span class='ocrx_word' id='word_1_202' title='bbox 796 2247 993 2301; x_wconf 64' lang='lat' dir='ltr'>Minerva</span> <span class='ocrx_word' id='word_1_203' title='bbox 1020 2262 1068 2300; x_wconf 89' lang='lat'>11.</span> <span class='ocrx_word' id='word_1_204' title='bbox 1095 2257 1134 2315; x_wconf 76' lang='grc' dir='ltr'>ς.</span> <span class='ocrx_word' id='word_1_205' title='bbox 1165 2250 1228 2313; x_wconf 71' lang='lat'>9‘2.</span> <span class='ocrx_word' id='word_1_206' title='bbox 1266 2260 1395 2300; x_wconf 75' lang='lat' dir='ltr'>Ceres</span> <span class='ocrx_word' id='word_1_207' title='bbox 1421 2261 1469 2300; x_wconf 88' lang='lat'>11.</span> <span class='ocrx_word' id='word_1_208' title='bbox 1492 2251 1534 2307; x_wconf 77' lang='grc' dir='ltr'>ξ.</span> <span class='ocrx_word' id='word_1_209' title='bbox 1560 2263 1648 2309; x_wconf 67' lang='lat'><strong>526.</strong></span> 
     </span>
     <span class='ocr_line' id='line_1_27' title="bbox 260 2325 1652 2388; baseline 0 -14"><span class='ocrx_word' id='word_1_210' title='bbox 260 2344 304 2374; x_wconf 86' lang='lat' dir='ltr'>et</span> <span class='ocrx_word' id='word_1_211' title='bbox 332 2334 402 2373; x_wconf 85' lang='lat' dir='ltr'>alii</span> <span class='ocrx_word' id='word_1_212' title='bbox 430 2330 504 2374; x_wconf 89' lang='lat' dir='ltr'>Dii</span> <span class='ocrx_word' id='word_1_213' title='bbox 538 2337 752 2388; x_wconf 82' lang='lat' dir='ltr'>Deaeque</span> <span class='ocrx_word' id='word_1_214' title='bbox 781 2349 829 2374; x_wconf 83' lang='lat' dir='ltr'>ac</span> <span class='ocrx_word' id='word_1_215' title='bbox 858 2334 1063 2373; x_wconf 84' lang='lat' dir='ltr'>homines.</span> <span class='ocrx_word' id='word_1_216' title='bbox 1127 2325 1240 2372; x_wconf 77' lang='lat' dir='ltr'>Vide</span> <span class='ocrx_word' id='word_1_217' title='bbox 1267 2334 1362 2372; x_wconf 90' lang='lat' dir='ltr'>Bar.</span> <span class='ocrx_word' id='word_1_218' title='bbox 1392 2334 1447 2374; x_wconf 90' lang='lat' dir='ltr'>de</span> <span class='ocrx_word' id='word_1_219' title='bbox 1474 2335 1652 2375; x_wconf 89' lang='lat' dir='ltr'>Locella</span> 
     </span>
     <span class='ocr_line' id='line_1_28' title="bbox 259 2398 1651 2465; baseline 0.001 -15"><span class='ocrx_word' id='word_1_220' title='bbox 259 2411 317 2450; x_wconf 76' lang='lat' dir='ltr'>ad</span> <span class='ocrx_word' id='word_1_221' title='bbox 335 2410 750 2463; x_wconf 35' lang='lat' dir='ltr'>&#39;Xenoph.sEpl1es.</span> <span class='ocrx_word' id='word_1_222' title='bbox 788 2425 830 2464; x_wconf 91' lang='lat' dir='ltr'>p.</span> <span class='ocrx_word' id='word_1_223' title='bbox 866 2424 950 2449; x_wconf 87' lang='lat'>122.</span> <span class='ocrx_word' id='word_1_224' title='bbox 984 2398 1068 2457; x_wconf 61' lang='lat'>123.</span> <span class='ocrx_word' id='word_1_225' title='bbox 1120 2411 1189 2449; x_wconf 89' lang='lat' dir='ltr'>Sic</span> <span class='ocrx_word' id='word_1_226' title='bbox 1217 2420 1260 2449; x_wconf 89' lang='lat' dir='ltr'>et</span> <span class='ocrx_word' id='word_1_227' title='bbox 1290 2410 1450 2463; x_wconf 89' lang='lat' dir='ltr'>Apollo</span> <span class='ocrx_word' id='word_1_228' title='bbox 1479 2407 1651 2465; x_wconf 75' lang='grc' dir='ltr'>ἀκερσε-</span> 
     </span>
    </p>
   </div>
   <div class='ocr_carea' id='block_1_5' title="bbox 259 2484 1650 2615">
    <p class='ocr_par' dir='ltr' id='par_1_5' title="bbox 259 2484 1650 2615">
     <span class='ocr_line' id='line_1_29' title="bbox 259 2484 1650 2542; baseline 0.001 -15"><span class='ocrx_word' id='word_1_229' title='bbox 259 2484 397 2542; x_wconf 73' lang='grc' dir='ltr'><strong><em>κόμης</em></strong></span> <span class='ocrx_word' id='word_1_230' title='bbox 433 2490 505 2541; x_wconf 84' lang='grc' dir='ltr'>(ΙΙ.</span> <span class='ocrx_word' id='word_1_231' title='bbox 527 2501 568 2528; x_wconf 74' lang='grc' dir='ltr'>τ.</span> <span class='ocrx_word' id='word_1_232' title='bbox 600 2504 638 2529; x_wconf 91' lang='lat' dir='ltr'>v.</span> <span class='ocrx_word' id='word_1_233' title='bbox 659 2491 772 2541; x_wconf 78' lang='lat'><strong>39.),</strong></span> <span class='ocrx_word' id='word_1_234' title='bbox 809 2492 1007 2528; x_wconf 84' lang='lat' dir='ltr'>intonsus</span> <span class='ocrx_word' id='word_1_235' title='bbox 1036 2498 1078 2527; x_wconf 89' lang='lat' dir='ltr'>et</span> <span class='ocrx_word' id='word_1_236' title='bbox 1106 2486 1286 2539; x_wconf 81' lang='lat' dir='ltr'>pulchra</span> <span class='ocrx_word' id='word_1_237' title='bbox 1315 2501 1438 2527; x_wconf 88' lang='lat' dir='ltr'>coma</span> <span class='ocrx_word' id='word_1_238' title='bbox 1466 2488 1650 2529; x_wconf 87' lang='lat' dir='ltr'>decorus</span> 
     </span>
     <span class='ocr_line' id='line_1_30' title="bbox 261 2561 1650 2615; baseline 0 -13"><span class='ocrx_word' id='word_1_239' title='bbox 261 2577 283 2601; x_wconf 83' lang='lat' dir='ltr'>a</span> <span class='ocrx_word' id='word_1_240' title='bbox 302 2566 443 2615; x_wconf 88' lang='lat' dir='ltr'>poetis</span> <span class='ocrx_word' id='word_1_241' title='bbox 467 2562 724 2610; x_wconf 81' lang='lat' dir='ltr'>celebratur,</span> <span class='ocrx_word' id='word_1_242' title='bbox 755 2576 884 2615; x_wconf 85' lang='lat' dir='ltr'>quam</span> <span class='ocrx_word' id='word_1_243' title='bbox 905 2563 1119 2600; x_wconf 78' lang='lat' dir='ltr'>Himerius</span> <span class='ocrx_word' id='word_1_244' title='bbox 1142 2561 1262 2600; x_wconf 82' lang='lat' dir='ltr'>Orat.</span> <span class='ocrx_word' id='word_1_245' title='bbox 1287 2561 1343 2599; x_wconf 89' lang='lat' dir='ltr'>X.</span> <span class='ocrx_word' id='word_1_246' title='bbox 1370 2562 1408 2610; x_wconf 84' lang='lat'>§.</span> <span class='ocrx_word' id='word_1_247' title='bbox 1428 2566 1465 2606; x_wconf 84' lang='lat'>5.</span> <span class='ocrx_word' id='word_1_248' title='bbox 1494 2564 1554 2601; x_wconf 88' lang='lat' dir='ltr'>sic</span> <span class='ocrx_word' id='word_1_249' title='bbox 1575 2562 1650 2602; x_wconf 91' lang='lat' dir='ltr'>de-</span> 
     </span>
    </p>
   </div>
   <div class='ocr_carea' id='block_1_6' title="bbox 258 2633 1649 2850">
    <p class='ocr_par' dir='ltr' id='par_1_6' title="bbox 258 2633 1649 2850">
     <span class='ocr_line' id='line_1_31' title="bbox 260 2633 1649 2693; baseline -0.002 -13"><span class='ocrx_word' id='word_1_250' title='bbox 260 2641 429 2680; x_wconf 85' lang='lat' dir='ltr'>scribit:</span> <span class='ocrx_word' id='word_1_251' title='bbox 470 2636 598 2692; x_wconf 74' lang='grc' dir='ltr'>Ιὶόμη</span> <span class='ocrx_word' id='word_1_252' title='bbox 630 2635 708 2692; x_wconf 79' lang='grc' dir='ltr'>μὲν</span> <span class='ocrx_word' id='word_1_253' title='bbox 738 2633 863 2689; x_wconf 72' lang='grc' dir='ltr'>αὐτῷ</span> <span class='ocrx_word' id='word_1_254' title='bbox 890 2635 1037 2692; x_wconf 74' lang='grc' dir='ltr'>χρυσῆ</span> <span class='ocrx_word' id='word_1_255' title='bbox 1068 2633 1162 2693; x_wconf 73' lang='grc' dir='ltr'>περὶ</span> <span class='ocrx_word' id='word_1_256' title='bbox 1192 2633 1396 2690; x_wconf 78' lang='grc' dir='ltr'>μέτωπον</span> <span class='ocrx_word' id='word_1_257' title='bbox 1428 2634 1649 2693; x_wconf 75' lang='grc' dir='ltr'><strong><em>σχίζεται.</em></strong></span> 
     </span>
     <span class='ocr_line' id='line_1_32' title="bbox 258 2706 1648 2771; baseline -0.001 -14"><span class='ocrx_word' id='word_1_258' title='bbox 258 2714 488 2771; x_wconf 78' lang='grc' dir='ltr'>πλόκαμοι</span> <span class='ocrx_word' id='word_1_259' title='bbox 519 2713 562 2756; x_wconf 78' lang='grc' dir='ltr'>δὲ</span> <span class='ocrx_word' id='word_1_260' title='bbox 589 2713 862 2771; x_wconf 69' lang='grc' dir='ltr'><em>ἑκατέρωθεν</em></span> <span class='ocrx_word' id='word_1_261' title='bbox 887 2712 1007 2755; x_wconf 74' lang='grc' dir='ltr'>κατὰ</span> <span class='ocrx_word' id='word_1_262' title='bbox 1037 2711 1115 2755; x_wconf 75' lang='grc' dir='ltr'>τοῦ</span> <span class='ocrx_word' id='word_1_263' title='bbox 1149 2706 1337 2768; x_wconf 71' lang='grc' dir='ltr'>αὐχένος</span> <span class='ocrx_word' id='word_1_264' title='bbox 1355 2711 1648 2769; x_wconf 69' lang='grc' dir='ltr'>καθέρποντες</span> 
     </span>
     <span class='ocr_line' id='line_1_33' title="bbox 260 2791 1649 2850; baseline -0.001 -15"><span class='ocrx_word' id='word_1_265' title='bbox 260 2793 514 2845; x_wconf 71' lang='grc' dir='ltr'><em>τοῖς’θείοις</em></span> <span class='ocrx_word' id='word_1_266' title='bbox 538 2792 694 2850; x_wconf 76' lang='grc' dir='ltr'>ςὲρνοις</span> <span class='ocrx_word' id='word_1_267' title='bbox 723 2791 1067 2849; x_wconf 76' lang='grc' dir='ltr'>ἑπικυμαίνουσι.</span> <span class='ocrx_word' id='word_1_268' title='bbox 1131 2796 1274 2847; x_wconf 84' lang='lat' dir='ltr'>Atque</span> <span class='ocrx_word' id='word_1_269' title='bbox 1310 2798 1369 2834; x_wconf 83' lang='lat' dir='ltr'>sic</span> <span class='ocrx_word' id='word_1_270' title='bbox 1398 2798 1526 2833; x_wconf 75' lang='lat' dir='ltr'>etiam</span> <span class='ocrx_word' id='word_1_271' title='bbox 1561 2795 1649 2833; x_wconf 85' lang='lat' dir='ltr'>for-</span> 
     </span>
    </p>
   </div>
  </div>
 </body>
</html>
