1846 3308
671 271 1046 320 ——123—

163 410 396 468 Namque
421 416 610 467 septem
630 412 963 456 mortuorum,
985 395 1198 445 assecuti
1216 411 1343 459 quos
1364 409 1554 453 sumus,

164 496 314 544 Mille
345 511 442 542 nos
477 509 651 542 sumus
692 500 941 538 necantes.
983 512 1051 523 —
1081 511 1152 521 -

270 677 485 722 Plutarch.
503 678 552 716 T.
570 677 624 715 V.
643 689 685 728 p.
702 675 789 726 646.
809 673 886 712 ubi
906 673 961 712 de
978 675 1029 712 iis
1049 684 1189 711 sermo
1210 679 1296 718 est,
1325 671 1399 721 qui
1410 696 1424 716 ‚
1453 668 1558 707 dum

171 755 313 795 Galba
329 753 605 802 interficitur,
635 766 731 791 cum
752 765 805 791 eo
827 750 953 790 simul
971 752 1115 789 necati
1141 758 1253 788 sunt.
1298 740 1478 800 Ἵὶσπερ
1514 742 1559 785 δέ

172 831 308 886 φησιν
345 825 643 885 ’Δρχίλοχος·
697 823 843 867 Ἑπτὰ
878 823 964 880 γὰρ
993 838 1035 865 κ.
1057 838 1097 865 τ.
1120 820 1165 863 λ.
1203 845 1259 854 -
1296 818 1416 864 οὕτω
1454 819 1560 863 τότε

161 893 344 958 ,πολλοῖ
369 904 449 948 τοῦ
483 904 626 958 φόνου
665 903 726 961 μὴ
766 901 1164 956 συνεφαψάμενοι,
1210 900 1365 958 χεῖρας
1407 899 1452 942 δὲ
1486 896 1560 941 καὶ

171 976 285 1039 ξίφη
331 980 738 1038 καθαιμάσσοντες,
787 979 1110 1026 ἐπεδείκνυντο,
1160 975 1233 1020 καὶ
1278 977 1358 1028 τὰς
1405 977 1564 1033 δωρεὰς

172 1055 330 1115 ἤτουν,
365 1058 531 1111 βιβλία
562 1058 746 1109 διδόντες
772 1061 837 1114 τῷ
859 1052 1047 1100 ’Όθωνμ
1075 1074 1161 1114 qua
1191 1060 1246 1099 de
1271 1074 1319 1100 re
1350 1061 1402 1100 cf.
1432 1063 1561 1099 etiam

171 1136 308 1176 Tacit.
326 1138 485 1177 Histor.
503 1138 550 1178 L.
570 1136 601 1176 I.
633 1136 677 1175 C.
697 1139 760 1187 44.

283 1218 391 1273 Οὸς
443 1219 788 1277 ἐμάρψαμεν
837 1218 977 1262 ποσί.
1030 1223 1099 1261 Sic
1143 1221 1272 1260 Hom.
1322 1221 1371 1262 ΙΙ.
1399 1217 1450 1272 φ.
1478 1221 1565 1272 564.

174 1299 252 1342 καί
274 1316 330 1356 με
352 1292 565 1356 μεταΐξας
587 1297 748 1355 μάρψῃ
769 1297 981 1353 ταχέεσσι
1010 1294 1224 1339 πόδεσσιν.
1252 1308 1295 1338 et
1312 1298 1361 1337 11.
1388 1309 1438 1349 χ.
1466 1290 1522 1345 αἳς
1542 1291 1566 1336 ὁ

175 1376 254 1421 τὸν
286 1372 337 1421 οὐ
370 1373 529 1420 δύνατο
555 1374 736 1433 μάρψαι
767 1374 907 1418 ποσίν.

824 1695 929 1740 XL.

184 1793 261 1844 Οὐ
280 1794 385 1866 γὰρ
404 1792 574 1846 ἐσθλὰ
591 1794 915 1845 κατθανοῧσι
933 1790 1197 1864 κερτομεῖν
1216 1787 1290 1842 ἐπ’
1305 1788 1567 1864 ἀνδράσιν.

637 1979 779 2018 Grotii
804 1981 942 2018 versio
968 1991 1013 2030 p.
1031 1984 1119 2025 513.

183 2055 404 2105 Mortuis
439 2054 706 2103 conviciari
738 2047 847 2107 non
882 2053 1003 2100 sinit
1035 2052 1113 2100 fas
1147 2063 1197 2099 et
1229 2051 1387 2115 pium.

293 2241 467 2280 (Brunck
485 2241 588 2271 Anal.
611 2242 647 2269 Τ.
667 2241 693 2269 1.
714 2250 748 2278 p.
767 2244 815 2277 45.
835 2238 880 2269 fr.
903 2244 949 2273 13.
970 2238 1090 2268 Iacobs
1109 2237 1151 2266 V.
1170 2238 1198 2266 1.
1218 2238 1255 2266 Ρ.
1276 2238 1302 2265 1.
1322 2246 1356 2275 p.
1377 2235 1467 2274 164.)

287 2301 488 2341 Clemens
529 2302 648 2342 Alex.
692 2302 891 2340 Stromat.
911 2297 986 2337 VI.
1028 2311 1072 2350 p.
1095 2303 1193 2349 738,
1239 2303 1300 2342 25.
1361 2295 1576 2336 Stobaeus

190 2380 322 2418 Serm.
365 2380 558 2419 CXXIV.
594 2380 744 2431 p.617.
794 2377 875 2417 1110
910 2379 991 2417 sic:
1036 2369 1173 2414 πάλιν
1212 2369 1246 2412 δ’
1285 2359 1343 2412 αὖ
1379 2368 1577 2427 Ὁμήρου

192 2451 408 2505 εἰπόντος·
443 2445 564 2509 οὖχ’
591 2451 684 2508 ὁσίη
714 2450 992 2510 κταμένοισιν
1031 2448 1095 2492 ἐπ’
1124 2447 1326 2505 ἀνδράσιν
1361 2442 1579 2504 εὗχετάα·

193 2531 322 2582 σθαι,
348 2533 524 2588 (Odyss.
545 2546 595 2587 χ.
622 2534 738 2586 411.)
776 2527 1051 2586 ’Δρ-χίλοχός
1070 2542 1119 2570 τε
1143 2525 1217 2568 καὶ
1236 2525 1451 2581 Κρατῖνος
1475 2522 1580 2580 79&-

194 2608 379 2660 φουσιν,
408 2605 430 2648 ὁ
461 2607 562 2661 μέν·
592 2601 659 2650 Οὖ
690 2608 775 2663 γὰρ
811 2605 956 2650 ἐσθλὰ
990 2621 1032 2648 κ.
1053 2621 1093 2647 τ.
1116 2602 1161 2646 λ.
1219 2602 1433 2660 Κρατῖνος
1462 2600 1506 2642 δὲ
1538 2600 1580 2643 ἐν

194 2680 503 2733 τοῖςὲΛὰκωσι·
529 2683 726 2741 Φοβερὸν
745 2688 919 2739 (Iacobs
944 2681 1196 2739 Φθονερόν)
1225 2679 1472 2737 ἀνθρώποις
1491 2677 1582 2721 τόδ’

200 2752 258 2803 αὖ
277 2759 510 2817 κταμένοις
530 2760 592 2804 ἐπ’
614 2761 800 2818 αι’ζηοῖσι
823 2763 1088 2816 καυχᾶσθαι
1108 2759 1240 2815 μέγα.
