1846 3308
684 264 1064 317 ——167—

172 393 341 452 ‹⁹1⁷0qu
359 411 505 438 curam
523 397 684 447 facere,
713 406 757 437 et
777 399 969 437 animum
988 404 1194 449 torquere
1210 401 1361 450 possit,
1388 408 1438 438 ut
1454 412 1574 439 nun-e

177 480 266 516 cius
287 480 492 529 ingratus.
536 474 764 529 Xylandet
782 483 825 513 et
841 474 1043 516 Reiskius
1065 469 1313 525 ἂγνυμένην
1331 476 1568 528 legendum

175 559 358 603 putant,
396 561 583 601 quorum
603 546 674 586 hie
690 546 869 585 fractam
890 546 1125 595 festucam,
1153 547 1227 586 ille
1245 549 1423 588 fractam
1438 554 1570 589 scuti-

178 636 270 662 cam
291 632 516 673 perperam
536 622 842 671 interpretatus
863 629 939 658 est.
974 618 1225 660 Accuratius
1243 619 1351 660 haec
1371 622 1425 661 ab
1438 623 1572 675 Apol·

175 701 300 740 Ionio
311 697 480 738 Rhodio
501 698 548 735 in
571 695 799 747 deperdito
819 698 909 735 eius
930 709 1061 749 opere
1078 691 1174 750 περὶ
1195 691 1479 750 ’Δρχιλόχου
1500 713 1572 738 ex-

175 780 318 832 posita
345 784 469 821 sunt,
496 783 546 812 ut
570 772 820 812 Athenaeus
849 782 1029 812 testatur
1051 774 1100 812 L.
1125 775 1181 813 X.
1208 788 1253 826 p.
1269 780 1359 826 451.
1386 777 1443 815 D.
1461 769 1570 815 ’Ότι

178 849 224 893 δὲ
251 848 401 903 λευκῷ
439 844 589 903 ἱμάντι
630 844 948 901 περιειλοῦντες
975 846 1057 903 τὴν
1086 846 1316 904 σκυτάλην
1347 851 1389 893 οἶ
1417 847 1570 892 Λάκω·

177 944 243 976 νες
271 925 495 983 ἔγραφον,
546 920 578 964 α’
616 921 885 974 ἐβούλοντο,
931 921 1098 981 εἴρηκεν
1140 926 1299 978 ἱκανῶς
1337 925 1570 971 ’Avi-ond,-

178 1020 264 1053 νιος
291 1002 313 1046 ὁ
343 1001 505 1052 Ῥόδιος
535 999 578 1044 ἔν
608 1001 681 1055 τῷ,
704 999 800 1058 περὶ
828 1000 1127 1060 ’Δρχιλόχου.
1187 1007 1258 1046 De
1294 1006 1375 1048 hac
1409 1010 1572 1064 scytala

179 1085 309 1122 etiam
338 1082 504 1131 scripsit
529 1077 838 1130 Aristophanes
867 1078 1181 1119 Grammaticus
1205 1079 1319 1120 libro
1346 1081 1571 1135 singulari,

179 1171 310 1211 quem
339 1159 440 1198 citat
466 1153 714 1194 Athenaeus
741 1155 789 1193 L.
808 1154 883 1194 III.
918 1169 963 1207 p.
981 1161 1047 1202 85.
1074 1152 1118 1195 ἐν
1146 1153 1215 1208 τῷ
1238 1152 1345 1210 Περὶ
1374 1153 1571 1212 ἀχνυμέ-

179 1247 251 1287 νης
287 1227 537 1284 σκυτάλης..
588 1231 690 1270 Vid.
718 1231 880 1271 Erasm.
909 1231 1048 1286 Adag.
1084 1233 1180 1272 Mil.
1206 1233 1260 1274 11.
1298 1247 1335 1273 c.
1364 1248 1401 1274 2.
1439 1249 1503 1287 pr.
1535 1249 1572 1276 1.

177 1326 222 1366 p.
245 1317 337 1362 448.
386 1308 485 1349 Alio
513 1307 600 1347 fine
628 1308 875 1348 Demetrius
901 1304 1010 1362 Περὶ
1037 1304 1187 1362 ἑρμην.
1216 1324 1251 1350 c.
1268 1316 1307 1357 5.
1335 1309 1454 1352 hunc
1477 1326 1575 1353 ver-

179 1389 363 1431 siculum
392 1387 571 1426 excitat:
608 1378 697 1423 Ῑίαὶ
738 1374 822 1424 οὒκ
858 1378 914 1424 ἄν
952 1381 1033 1438 τὴν
1059 1382 1256 1441 Ὁμήρου
1282 1382 1450 1427 Ἰλιάδα
1474 1402 1573 1444 πρε-

178 1464 351 1511 πόντως
387 1457 452 1509 τὶς
478 1457 695 1515 γράψειεν
733 1459 824 1513 τοῖς
852 1455 1137 1520 ’Ἀρχιλόχου
1164 1461 1418 1520 βραχέσιν,
1453 1461 1569 1508 οἷον·

181 1538 414 1598 ἂχνυμένη
442 1534 662 1594 σκυτάλη.

223 1643 225 1645 ·
282 1618 393 1664 V.3.
429 1612 685 1670 Πίθηκος
732 1610 830 1671 ᾔει.
890 1619 1194 1673 Hucrespicit
1225 1621 1340 1661 forte
1366 1623 1576 1664 Aristides

176 1696 233 1736 T.
260 1695 314 1735 11.
359 1709 404 1748 p.
434 1703 524 1746 307.
566 1690 876 1749 περιέρχονται
916 1692 962 1736 δὲ
1005 1690 1161 1745 ἄλλως
1194 1694 1373 1752 βροτῶν
1412 1692 1579 1738 εἴδωλα

183 1768 443 1825 καμόντων,
488 1766 694 1812 Ἡσιόδου
739 1771 956 1826 κηφῆνες,
1013 1769 1369 1829 Ἀρχιλόχου
1414 1772 1577 1830 πίθη-

182 1860 297 1894 κοι,
335 1844 409 1888 δύο
438 1846 616 1903 μορφὰς
645 1843 827 1904 ἔχοντες
850 1847 948 1891 αντὶ
976 1848 1110 1906 τριῶν
1129 1850 1206 1906 τῆς
1225 1851 1437 1908 τραγικῆς
1454 1850 1576 1904 βοός.

181 1929 268 1967 nisi
291 1940 371 1978 per
396 1923 614 1979 πιθήκους
637 1931 811 1981 ineptos
837 1929 1081 1971 Archilochi
1105 1933 1343 1971 imitatores
1371 1941 1446 1970 aut
1472 1944 1581 1972 con-

183 2002 413 2039 viciatores
440 2000 686 2055 intelligere
711 2005 859 2042 mavis.

283 2076 338 2116 V.
359 2081 399 2128 4.
434 2072 764 2131 Ἐσχατιήν.
818 2079 937 2119 Suid.
965 2073 1162 2133 ἔσχατον
1188 2075 1328 2129 τόπον
1354 2076 1435 2133 ’γῆς
1464 2074 1493 2133 ἧ
1518 2075 1580 2119 τὰ

185 2150 321 2207 νομὰς
345 2149 516 2207 ἔχοντα
545 2150 707 2209 χωρία.
738 2156 891 2210 Odyss.
918 2166 957 2195 σ.
984 2171 1023 2196 ν.
1041 2165 1131 2210 557.
1158 2154 1318 2211 ’Δγροῢ
1348 2153 1415 2197 ἐπ’
1443 2153 1579 2211 ἐσχα·

183 2230 290 2286 τιῆς.
316 2233 488 2274 Aristid.
507 2234 558 2273 T.
573 2234 606 2273 I.
629 2248 674 2286 p.
691 2242 755 2282 53.
775 2228 880 2288 πρὸς
901 2226 1102 2282 ἅπαντας
1120 2227 1147 2275 ὅ
1149 2247 1249 2290 ρους
1267 2232 1342 2275 καὶ
1364 2231 1579 2289 ἐσχατιὰς

186 2305 392 2361 ἄφίκετο.
428 2312 576 2352 locum
617 2312 857 2352 solitarium
893 2317 1202 2366 interpretatur
1234 2315 1388 2356 Iacobs
1421 2329 1467 2368 p.
1490 2317 1578 2367 174,

186 2383 265 2422 ubi
289 2384 387 2423 vide
424 2388 555 2424 etiam
592 2399 701 2439 quos
739 2385 796 2425 ad
821 2385 1124 2426 illustrandam
1160 2386 1274 2426 hanc
1299 2401 1453 2428 vocem
1478 2400 1582 2439 pro-

187 2455 286 2503 fert,
305 2457 556 2510 Berglerum
579 2458 635 2497 ad
653 2456 843 2510 Alciphr.
860 2458 896 2507 1,
918 2460 979 2499 26.
1001 2469 1044 2499 et
1060 2459 1304 2500 Hemsterh.
1325 2460 1381 2500 ad
1399 2461 1579 2499 Lucian.

188 2527 240 2565 T.
259 2527 290 2567 I.
315 2542 357 2580 p.
369 2534 466 2581 ,394
492 2530 623 2583 Toup
652 2530 708 2569 ad
733 2529 954 2571 Theocrit.
981 2534 1033 2572 T.
1052 2532 1107 2572 11.
1132 2547 1176 2585 p.
1194 2539 1284 2580 528.

290 2602 344 2641 V.
367 2610 405 2649 5.
448 2603 539 2656 Τῷ
581 2602 616 2645 δ’
656 2599 734 2662 ἄρ’
772 2600 1011 2661 ἀλώπηξ
1049 2605 1313 2664 κερδαλῆ.
1375 2597 1497 2646 Haec
1524 2607 1581 2647 de

191 2673 378 2716 subdola
413 2678 542 2730 vulpe
575 2680 724 2720 fabula
756 2696 959 2736 magnam
1000 2684 1119 2736 apud
1152 2694 1318 2723 veteres
1356 2679 1582 2720 celebrita-

193 2757 279 2790 tem
324 2748 542 2799 obtinuit,
601 2752 655 2792 ab
704 2754 952 2794 auctoribus
1002 2769 1134 2808 saepe
1185 2763 1478 2801 memoratur,
1538 2762 1584 2793 et
