1846 3308
803 320 867 327 ,-
937 300 1003 349 80
1069 320 1138 329 ...-

362 424 533 465 (Br'unck
555 426 658 455 Anal.
684 427 719 456 T.
739 428 765 456 1.
787 437 821 464 p.
839 430 887 463 44.
913 425 956 456 fr.
975 434 1022 455 21.
1045 427 1166 456 Iacobs
1185 426 1263 456 Vol.
1285 427 1312 455 1.
1331 427 1368 455 P.
1392 427 1420 456 1.
1441 436 1476 465 p.
1497 426 1586 466 166.)

377 488 593 531 Plutarch.
622 491 677 530 de
703 490 809 530 Exil.
836 492 887 530 T.
911 491 1023 531 VIII.
1053 505 1095 543 p.
1117 498 1204 539 583.
1253 489 1420 530 Thasus
1446 492 1590 531 insula
1616 493 1672 532 ad

275 564 505 604 Thraciam
540 566 645 613 sita,
694 578 825 616 quam
859 564 1142 604 Archilochus
1178 575 1360 617 propter
1395 577 1594 615 asperum
1629 575 1673 605 et

276 636 510 690 inaequale
544 636 685 676 solum
713 647 943 690 tantopere
972 642 1223 685 contemsit,
1264 635 1499 676 admodum
1526 646 1673 677 tamen

239 763 241 765 Ι
274 712 394 751 ferax
421 719 464 750 et
488 712 612 748 variis
639 708 768 749 rebus
795 710 851 749 ad
875 714 988 750 vitae
1015 726 1137 750 usum
1165 709 1485 763 pertinentibus
1512 709 1671 750 nobilis

276 796 379 827 erat.
408 787 592 837 Propter
627 786 893 826 fertilitatem
929 787 1106 841 Dionys.
1135 788 1301 842 Perieg.
1330 801 1367 825 v.
1397 793 1483 832 552.
1524 781 1671 838 Δημὴ-
1720 783 1724 785 ’

272 875 393 918 τερος
436 858 576 914 ἀκτὴν
616 863 819 916 appellat.
866 863 1108 917 (Theocrit.
1156 868 1289 918 epigr.
1324 864 1437 904 VIII.
1479 857 1671 915 λιπαρὴν

273 938 435 982 Θάσον.
463 937 579 977 conf.
609 936 810 976 Gatterer
847 941 894 977 in
930 949 1208 978 commentar.
1251 937 1306 976 de
1345 937 1500 976 Thrac.
1538 939 1583 977 P.
1616 938 1670 978 11.

272 1035 315 1074 p.
335 1027 398 1071 87.
417 1015 602 1067 Iacobs.)
629 1015 768 1069 Etym.
789 1015 851 1054 M.
906 1010 1047 1062 Θάσος
1069 1011 1196 1061 πόλις
1215 1009 1299 1053 ἀπὸ
1328 1010 1407 1053 τοῦ
1430 1010 1568 1059 δάσος,
1599 1008 1670 1054 ὅτι

274 1091 491 1150 κάρπιμός
519 1087 603 1141 ἓςιν
632 1086 757 1144 ἧγῆ.
824 1092 922 1132 Vini
959 1097 1050 1133 eius
1087 1093 1334 1132 excellentis
1373 1092 1490 1144 apud
1523 1093 1668 1146 plures

274 1181 473 1210 auctores
518 1167 684 1204 mentio
731 1163 799 1213 fit,
863 1164 997 1218 idque
1050 1168 1294 1218 praecipuis
1347 1165 1668 1205 adnumeratur.

252 1249 365 1289 rAel.
388 1247 442 1286 V.
461 1246 518 1289 H·
542 1241 591 1280 X.
613 1244 659 1282 C.
680 1250 742 1289 51.
773 1237 906 1295 Φέρε,
936 1238 1061 1282 οἴνων
1084 1221 1365 1293 Ἑλληνικῶν
1392 1235 1461 1280 διὰ
1484 1238 1670 1302 σπονδῆς

272 1323 428 1366 ἰόντων
457 1326 549 1374 (an
584 1312 786 1370 ὅντωνῖ)
833 1314 877 1358 ἐν
917 1317 1008 1367 τοῖς
1047 1316 1252 1370 παλαιοῖς
1294 1316 1492 1373 ὀνόματα
1534 1332 1670 1359 κατα·

273 1395 392 1448 λέξω
430 1395 557 1455 ὑμῖν
604 1394 853 1452 Πράμνειόν
893 1410 992 1436 τινα
1023 1394 1242 1444 ἐκάλουν,
1296 1394 1407 1451 ἱερὸν
1437 1393 1471 1436 δ’
1500 1385 1558 1452 ἦνΔ
1583 1390 1670 1452 ἄρα

271 1479 408 1523 τοῦτο
431 1477 676 1533 Δήμητρος.
706 1478 779 1528 (an
799 1490 892 1516 non
912 1477 1149 1532 legendum
1170 1472 1277 1530 ἱερὸς
1301 1471 1334 1514 δ’
1363 1463 1414 1529 ἧν
1438 1465 1566 1522 οὗτος
1585 1473 1669 1527 Δή-

273 1557 461 1613 puppa)
503 1550 580 1595 καὶ
618 1551 719 1601 Χῖος
766 1544 878 1601 οἶνος
931 1549 979 1593 ἐκ
1030 1553 1107 1607 τῆς
1154 1551 1285 1606 νήσου
1337 1549 1410 1593 καὶ
1465 1549 1670 1600 Θάσιος

272 1631 415 1684 ἄλλος
441 1646 483 1674 κ.
517 1647 557 1674 τ.
593 1628 636 1671 λ.
666 1633 891 1685 Hermipp.
921 1633 1038 1685 apud
1066 1632 1279 1673 Athenae.
1306 1634 1353 1672 L.
1377 1633 1409 1672 Ι.
1439 1647 1481 1685 p.
1504 1646 1565 1685 29.
1595 1634 1641 1672 C.

326 1724 414 1767 Καὶ
445 1723 607 1766 Θάσιον
635 1715 834 1775 (οἶνον),
874 1721 941 1777 τῷ
971 1721 1019 1777 δὴ
1051 1720 1206 1778 μήλων
1238 1722 1509 1780 ἐπιδέδρομεν
1542 1722 1667 1780 ὀδμή-

325 1802 499 1846 Τοῢτον
530 1799 617 1856 ἐγὼ
650 1799 779 1858 κρίνω
809 1797 927 1841 πολὺ
958 1797 1135 1843 πάντων
1169 1796 1277 1844 εἶναι
1308 1797 1455 1857 ὄίριςον

326 1880 430 1922 Τῶν
461 1875 618 1921 ἄλλων
649 1875 774 1921 οἴνων
805 1876 900 1934 μετ’
930 1875 1136 1934 ἀμύμονα
1165 1878 1270 1921 Χῖον
1307 1875 1496 1922 ἄλυπον.

272 1983 326 2017 etl
362 1973 468 2013 ibid.
504 1970 815 2012 Archestratus.
877 1971 947 2009 Sic
987 1981 1031 2009 et
1056 1971 1219 2012 Plinius
1259 1972 1480 2022 adfirmat,
1517 1978 1664 2014 vinum

269 2047 477 2087 Thasium
506 2055 550 2085 et
572 2043 725 2083 Chium
748 2048 862 2083 inter
886 2047 987 2083 vina
1015 2050 1298 2085 transmarina
1323 2050 1370 2085 in
1396 2061 1562 2086 summo
1591 2047 1665 2087 ho·

269 2133 380 2158 nore
407 2119 553 2158 fuisse.
606 2117 779 2169 Apulei.
809 2117 863 2157 de
891 2118 1038 2171 Magia
1075 2118 1126 2156 T.
1151 2118 1202 2156 II.
1242 2132 1284 2170 p.
1310 2124 1371 2164 28.
1426 2119 1583 2159 Olitori
1622 2131 1664 2160 et

273 2195 465 2243 cauponi
490 2193 647 2230 merito
676 2201 739 2229 est
768 2204 1020 2230 concessum
1050 2190 1145 2230 olus
1185 2200 1228 2229 et
1253 2194 1399 2229 vinum
1428 2206 1478 2230 ex
1503 2192 1663 2232 nobili·

270 2273 357 2303 tate
384 2264 466 2303 soli
494 2264 826 2312 commendare,
855 2267 1003 2302 vinum
1032 2261 1262 2312 Thasium,
1292 2263 1387 2303 olus
1414 2262 1659 2306 Phliasium.

270 2337 413 2389 Quam
441 2349 704 2390 generosum
731 2337 875 2385 fuerit,
915 2351 963 2375 ex
983 2337 1251 2388 Hippocrate
1277 2335 1547 2390 intelligitur,
1587 2343 1662 2392 qui

268 2412 416 2449 vinum
442 2408 647 2448 Thasium
676 2423 773 2447 cum
801 2422 938 2461 aquae
965 2398 1240 2461 portionibus
1276 2411 1428 2464 viginti
1465 2416 1661 2465 quinque

268 2489 438 2526 misceri
463 2485 599 2525 iubet.
627 2487 673 2530 L.
692 2486 765 2526 111.
793 2480 888 2539 περὶ
916 2479 1095 2526 νούσων.
1148 2486 1216 2525 De
1244 2490 1363 2526 suavi
1392 2491 1481 2528 eius
1510 2490 1659 2540 odore,

269 2559 426 2617 μήλων
457 2558 591 2617 ὀδμῇ,
625 2565 725 2604 vide
768 2565 950 2616 Lennep
990 2564 1045 2602 ad
1081 2564 1254 2604 Coluth.
1290 2567 1336 2603 in
1363 2566 1659 2610 Animadvers.

269 2636 523 2678 Plutarchus
545 2638 592 2677 id
616 2640 745 2677 etiam
771 2641 886 2677 inter
908 2636 1082 2676 delicias
1104 2638 1279 2690 Epicuri
1298 2651 1510 2679 memorat
1537 2642 1587 2680 Τ.
1603 2642 1657 2680 X.

267 2724 311 2762 p.
345 2715 435 2761 481.
504 2710 608 2750 Duo
652 2724 755 2750 vero
795 2713 886 2749 eius
921 2723 1083 2764 genera
1124 2714 1166 2750 vi
1211 2715 1426 2751 contraria
1462 2714 1660 2765 praedita

267 2782 480 2823 Athenae.
507 2785 554 2823 L.
575 2783 607 2822 Ι.
629 2796 672 2836 p.
692 2790 754 2830 31.
776 2783 820 2822 F.
842 2787 918 2836 qui
937 2783 1042 2823 ibid.
1063 2798 1104 2837 p.
1125 2791 1188 2831 52.
1208 2784 1257 2823 A.
1288 2799 1337 2824 ex
1356 2785 1658 2839 Theophrasto
