1846 3308
785 276 1159 324 ——130—

278 416 367 445 tem
394 403 604 458 Sipylum,
645 404 720 454 qui
748 401 804 441 ad
830 400 1103 456 puniendum
1130 403 1223 440 eius
1249 400 1541 450 mendacium,
1580 416 1670 456 quo

279 479 424 518 Iovem
453 478 761 514 circumvenire
787 463 985 525 voleba't,
1030 477 1070 512 ei
1095 460 1321 526 impositus
1351 483 1426 513 est.
1455 474 1519 514 Cf.
1548 489 1673 527 prae-

280 561 397 590 terea
412 551 591 588 Lucian.
611 549 662 586 Τ.
674 548 706 587 I.
727 547 781 585 D.
800 547 862 586 M.
872 546 1010 596 XVII,
1031 561 1065 586 1.
1087 547 1138 586 T.
1152 546 1204 585 ΙΙ.
1225 547 1366 604 Amor.
1383 552 1445 594 53.
1462 546 1670 589 Athenae.

281 627 327 663 L.
349 624 422 664 VI.
448 628 534 669 281.
551 671 555 674 ἡ
573 631 619 673 er
643 620 749 660 alios
779 633 888 672 quos
917 622 1018 658 citat
1045 618 1095 658 cl.
1123 619 1276 659 Iacobs
1304 620 1333 658 1.
1364 634 1400 659 c.
1445 620 1675 672 'Casauboe

279 711 362 738 nus
399 697 691 736 Commentar.
728 695 775 731 in
800 690 1013 731 Athenae.
1048 705 1092 743 p.
1113 697 1187 739 55,
1221 699 1286 738 30.
1327 691 1582 746 figmentum
1619 694 1676 734 de

281 769 495 817 Tantalo,
539 777 587 806 ut
615 766 668 805 ab
697 765 891 804 Homero
917 773 1137 823 narratur,
1183 767 1409 818 vestigium
1435 779 1526 806 esse
1553 748 1676 819 purat

282 845 488 898 fugientis
529 840 767 879 memoriae
810 837 956 896 lapsus
1002 836 1264 891 protoplasti
1304 836 1491 878 hominis
1528 850 1571 879 et
1606 854 1677 879 ex-

283 916 495 970 pulsionis
525 916 615 952 eius
644 925 668 951 e
694 910 911 964 paradiso.

382 986 536 1043 ‘1’55'56'
565 981 699 1041 ὑπὲρ
741 983 915 1039 νήσου
953 983 1276 1040 κρεμάσθω.
1327 988 1515 1030 Brunck.
1552 969 1677 1043 borsp-

285 1063 524 1126 κρεμάσθω
553 1062 675 1118 τῆςδε
707 1061 851 1118 νήσου.
878 1063 1023 1106 Schol.
1052 1065 1226 1106 Pindar.
1258 1064 1287 1105 1.
1309 1079 1346 1106 c.
1373 1065 1486 1106 male
1513 1086 1565 1096 -
1591 1058 1676 1105 ὑπὸ

286 1144 418 1201 νήσου
448 1140 692 1200 κρεμάσθη.

899 1399 1066 1445 XLVI.

289 1497 389 1548 Kal
413 1497 664 1568 φρονεῦσι
700 1494 816 1556 τοῖ’,
863 1492 1030 1545 ὁκοῒοι
1066 1492 1379 1567 ἔγκυρέωσιν
1415 1493 1680 1566 ἔργμασιν.

289 1672 386 1719 Res
422 1667 610 1716 habent
645 1683 723 1727 se,
766 1666 927 1731 qualis
962 1668 1147 1714 horum
1182 1679 1257 1714 est
1291 1685 1460 1728 mens,
1509 1668 1597 1734 qui
1625 1668 1682 1716 in

978 1756 1110 1820 ipsas
1143 1756 1390 1807 incidunt.

389 1925 626 1967 Aeschines
661 1918 757 1978 περὶ
788 1918 1016 1969 πλούτου,
1066 1928 1154 1965 sive
1183 1928 1375 1979 quisquis
1403 1928 1554 1967 auctor
1577 1926 1682 1980 Ery-

288 2006 384 2043 xiae
413 2013 499 2053 est,
526 2017 570 2056 p.
591 2017 654 2056 70.
689 1999 860 2043 Ὀποῖοι
890 1998 975 2058 γὰρ
1004 1993 1060 2041 o’c'v
1087 2013 1199 2050 τινες
1229 1990 1332 2041 αἷσιν
1357 2000 1403 2059 ,οἱ
1440 1998 1679 2057 χρῷμενοι,

289 2077 477 2120 τοιαῦτα
506 2075 579 2119 καὶ
613 2076 672 2120 τὰ
703 2076 949 2136 πράγματα
989 2068 1140 2127 αὗτοῖς
1176 2075 1349 2134 ἀνάγκη
1379 2072 1502 2120 εἶναι.
1530 2074 1682 2125 καλῶς

291 2142 348 2203 δ’,
380 2154 496 2211 ἔφη,
528 2154 646 2198 δοκεῖ
674 2170 749 2212 μοι
780 2154 854 2197 καὶ
884 2151 937 2196 τὸ
966 2153 1046 2197 τοῦ
1076 2152 1358 2211 Ἀρχιλόχου
1388 2147 1678 2208 πεποιῆσθαι·

290 2232 378 2274 Καὶ
422 2232 629 2290 φρονεῢσι
669 2248 711 2274 τ.
754 2230 789 2274 ὁ.
830 2230 924 2286 isse.
965 2227 998 2272 ἕ.
1057 2234 1166 2273 Item
1200 2233 1411 2274 Stobaeus
1445 2236 1579 2275 Serm.
1616 2249 1681 2288 92.

289 2329 334 2367 p.
355 2320 453 2362 510,
504 2315 581 2354 ubi
607 2325 753 2353 tamen
781 2322 977 2364 corrupte
1003 2311 1163 2365 legitur
1187 2321 1256 2350 τοι
1295 2302 1439 2350 ἄοικοι
1483 2305 1544 2358 οἷς
1585 2307 1679 2364 ἐγκ.

289 2386 380 2445 {²97-
396 2402 578 2431 notante
593 2392 788 2431 Gesnero
808 2393 855 2429 in
871 2391 1088 2442 margine:
1115 2384 1216 2427 τοῖα
1239 2383 1394 2435 ὁκοίως
1410 2398 1453 2427 et
1470 2379 1652 2442 ἐρύμασι
1667 2401 1680 2436 ;

289 2472 337 2508 in
362 2468 576 2508 Aeschine
603 2482 705 2507 vero
735 2467 837 2506 alias
865 2461 1123 2520 ἐσκυρὲωσιν
1149 2466 1389 2519 legebatur.
1443 2467 1558 2506 Hinc
1583 2481 1681 2507 sen-

290 2555 359 2580 sus
388 2541 513 2581 huius
539 2541 628 2581 loci
663 2550 707 2580 et
733 2553 832 2579 vera
858 2538 1088 2579 verborum
1113 2542 1223 2578 ratio
1250 2541 1362 2578 viros
1391 2539 1543 2579 doctos
1569 2541 1682 2580 mul-

291 2624 381 2653 tum
411 2617 612 2653 exercuit.
662 2614 932 2662 „Sententia
959 2615 1073 2660 eius,
1109 2614 1254 2664 inquit
1284 2612 1398 2651 doct.
1426 2612 1599 2652 Fischer
1625 2613 1682 2652 ad

290 2686 550 2726 Aeschinem
595 2700 640 2738 p.
677 2686 753 2738 96,
806 2687 874 2725 vix
920 2695 1037 2724 certo
1080 2683 1279 2737 indagari
1322 2698 1451 2736 posse
1493 2685 1678 2732 videtur,

290 2766 454 2815 primo,
485 2767 691 2817 quoniam
712 2775 805 2803 non
822 2765 921 2802 satis
942 2771 1133 2811 constat,
1162 2752 1345 2814 ἐρύμασι
1370 2761 1681 2815 legendumsit

717 2891 731 2909 ’1
