1846 3308
653 282 1027 336 ...249-

751 416 913 460 CLVI.

693 499 977 560 Μύκλος.

237 594 417 635 Tzetzes
448 597 497 635 in
519 593 731 650 Lycophr.
761 607 799 633 v.
818 607 908 646 77¹·
963 587 1150 642 Μύκλος
1184 589 1228 633 δέ
1255 607 1321 642 τις
1351 591 1533 649 γέγονεν

143 661 342 724 αὖλητὴς
357 668 617 725 κατωφερὴς
639 668 696 718 εἰς
715 669 941 724 γυναῖκας,
964 666 1247 724 κωμῳδηθεὶς
1265 667 1334 712 ἐπὶ
1352 669 1534 727 μαχλό·

142 760 243 801 ‘ny-rt
273 742 355 789 ὑπ’
378 743 778 802 ’Δρχιλόχῳ“).
807 759 851 788 et
878 764 918 789 v.
942 762 1026 802 109·
1052 750 1194 790 idem:
1232 745 1420 797 Μὺκλος
1453 763 1535 789 κα-

141 820 288 865 λεῖται
312 820 337 879 ἣ
362 822 407 866 ἐν
426 823 495 877 τῷ
512 821 733 880 τραχήλῳ
756 823 845 865 τῶν
869 818 981 867 ὄνων
1011 823 1085 865 καὶ
1114 824 1204 866 τῶν
1233 824 1357 877 βοῶν
1387 820 1531 869 {maffia

140 900 321 951 πλωσις.
350 898 551 958 μὺκλους
568 901 613 943 δὲ
627 901 706 943 ’νῦν
732 899 835 951 τοὺς
856 901 1073 959 μνηςῆρας
1101 899 1221 958 λέγει
1245 901 1314 945 διὰ
1333 900 1386 945 τὸ
1407 901 1530 960 2:353-

142 976 293 1033 φάγον
335 977 409 1020 καὶ
448 978 705 1038 κατωφερὲς
740 979 796 1032 εἰς
838 977 1071 1035 λαγνείαν,
1111 976 1168 1030 ὡς
1200 978 1530 1037 Καλλίμαχος·

131 1052 255 1107 ’Έςιν
283 1071 359 1113 μοι
383 1055 552 1113 μὰγνης
580 1055 875 1113 ἐννεάμυκλος
905 1052 1013 1106 ὄνος.
1066 1061 1187 1100 Haec
1220 1062 1373 1102 eadem
1398 1061 1532 1102 habet

139 1131 324 1186 Etymol.
353 1134 417 1172 M.
449 1134 528 1173 sed
556 1144 758 1186 corrupta
780 1145 822 1174 et
849 1148 900 1174 ex
925 1134 1010 1174 hoc
1033 1133 1135 1174 loco
1164 1134 1453 1175 emendanda.

740 1340 924 1383 CLVII.

628 1429 690 1473 M
703 1443 732 1473 ο
746 1443 775 1474 υ
790 1443 812 1474 ν
827 1428 855 1475 ό
867 1443 898 1475 κ
912 1443 975 1497 ep
988 1444 1037 1477 α.

209 1517 470 1571 Hesychius:
497 1514 784 1573 Μουνόκερα·
809 1513 862 1557 τὸ
882 1514 1042 1571 μηκέτι
1062 1511 1171 1571 ἔχον
1190 1513 1270 1571 τὴν
1291 1513 1448 1572 ἀλκὴν,
1472 1513 1527 1570 ὡς

137 1591 186 1632 ’Δ
199 1589 337 1648 ρχίλ
350 1606 450 1648 οχο
461 1607 493 1642 ς.
535 1596 870 1636 similitudmem
890 1597 1062 1637 ductam
1084 1610 1174 1637 esse
1196 1611 1219 1635 a
1239 1600 1372 1636 cervis
1390 1597 1525 1646 lassis,

139 1672 216 1721 qui
233 1670 335 1710 solis
357 1668 559 1709 cornibus
576 1681 797 1724 pugnant,
824 1669 1092 1710 Schrevelius
1115 1673 1335 1710 existimat.
1389 1671 1527 1726 Hesy-

138 1744 258 1785 chius
277 1746 454 1800 quidem
481 1742 608 1799 κέρας
635 1750 764 1787 etiam
783 1762 863 1800 per
889 1742 1069 1802 δύναμιν
1098 1748 1304 1800 explicat,
1345 1748 1424 1788 sed
1449 1749 1530 1789 ob-

138 1829 308 1859 servant
325 1819 386 1859 ibi
406 1822 678 1872 interpretes,
708 1820 1071 1875 significationem
1092 1820 1204 1861 hanc
1224 1834 1317 1861 esse
1336 1820 1528 1862 hebrais-

138 1911 255 1935 mum
267 1924 283 1943 ,
308 1906 358 1936 ut
375 1911 424 1936 ex
442 1897 577 1937 Suida
595 1911 635 1936 v.
663 1892 790 1952 κέρας
815 1908 948 1951 patet.

729 2090 938 2149 chm.

658 2188 1007 2254 Μυσάχνη.

234 2284 355 2324 Suid.
373 2298 412 2325 v.
463 2279 718 2337 Μυσάχνη·
773 2275 799 2333 ἣ
829 2277 967 2334 πόρνη
996 2275 1144 2336 παρὰ
1170 2276 1526 2338 ’Δρχιλὸχςυ·

138 2357 213 2399 καὶ
240 2356 412 2415 ἐργάτις
441 2357 516 2400 καὶ
544 2356 675 2414 δῆμος
702 2354 756 2405 (l.
785 2353 964 2412 δήμιος)
993 2355 1067 2398 καὶ
1092 2356 1279 2414 παχεῖα.
1330 2358 1523 2400 Eustath.

136 2442 189 2482 Τ.
206 2441 257 2481 11.
287 2455 331 2494 p.
351 2449 460 2493 1529.
486 2441 537 2480 11.
564 2436 621 2491 ψ.
652 2433 927 2493 ’Δρχίλοχος
964 2433 1008 2477 δὲ
1050 2435 1247 2491 παχεῖαν
1283 2431 1357 2476 καὶ
1389 2432 1524 2488 δῆμον

138 2516 189 2567 (Ι.
219 2512 403 2569 δήμιον)
430 2510 568 2570 ἤγουν
587 2514 734 2570 κοινὴν
762 2514 830 2568 τῷ
856 2512 977 2570 δήμῳ
1005 2513 1079 2555 καὶ
1107 2510 1283 2569 ἐργάτιν
1311 2509 1526 2565 (ὠνείδισε

138 2587 349 2646 τοιαύτην
368 2592 608 2644 γυναῖκα),
638 2589 702 2635 ἔτι
727 2590 771 2634 δὲ
790 2587 1026 2647 μυσὰχνην
1045 2589 1146 2647 παρ’
1177 2587 1423 2645 ἀναλογίαν
1443 2585 1526 2629 τοῦ

139 2667 246 2721 ἁλὸς
277 2663 399 2725 ἄχνη
429 2666 504 2711 καὶ
544 2666 585 2713 εἴ
608 2685 653 2714 τι
691 2669 906 2714 τοιοῦτον.
933 2672 1042 2724 (vid.
1061 2673 1213 2725 fragm.
1236 2675 1322 2723 140.
1351 2679 1396 2710 et
1417 2669 1527 2720 145.)

195 2795 230 2836 ⁴)
253 2798 309 2828 Sic
330 2808 349 2828 a.
365 2799 505 2830 Pottero
524 2800 723 2831 restitutum
750 2809 815 2839 pro
832 2799 961 2831 vitioso
981 2791 1174 2841 Ἀρχιλόῃ.
