1846 3308
688 299 1056 341 „197-

162 427 208 466 p.
225 426 265 465 7.
310 413 517 468 Argivum
534 412 651 452 facit.
693 413 782 452 Sed
799 412 908 452 nihil
928 412 999 452 hic
1019 414 1075 452 ad
1095 413 1212 454 hunc
1228 416 1388 457 locum.
1431 418 1558 473 Frag-

162 496 359 526 mentum
377 486 463 527 hoe
482 486 653 527 videtur
670 499 768 540 pars
789 485 924 538 epodi
944 486 1091 526 fuisse.

742 690 965 734 LXXXI.

160 775 347 828 Πάντα
377 777 529 836 πόνος
566 775 743 841 τεύχει
781 775 986 838 ,θνητοῖς
1020 775 1203 839 μελέτη
1239 791 1296 827 τε
1325 779 1550 850 βροτειή.

161 943 342 992 Omnia
362 907 507 992 lahor
523 943 717 1008 perficit
736 942 1054 1001 mortalibus,
1084 960 1300 1008 curaque
1316 945 1553 995 humana.

260 1101 485 1142 Scholiast.
507 1102 773 1156 Her-mogon.
793 1114 836 1153 p.
854 1108 943 1152 377.
965 1100 1045 1139 sed
1066 1104 1159 1141 sine
1178 1112 1339 1154 poetae
1356 1110 1550 1146 nomine.

158 1174 321 1214 Verum
334 1176 517 1214 Ioannes
536 1175 735 1215 Siceliota
755 1188 922 1213 versum
934 1172 1189 1214 Archilocho
1207 1175 1357 1215 tribuit
1371 1181 1419 1216 in
1441 1192 1554 1218 com-

158 1258 341 1286 mentar.
366 1249 447 1287 Ms.
471 1254 518 1287 in
547 1249 896 1303 Hermogenem,
930 1246 1051 1286 unde
1077 1248 1276 1300 produxit
1305 1249 1371 1289 Cl.
1399 1250 1553 1291 Ruhn-

157 1318 260 1359 ken.
315 1321 438 1371 (Vid.
464 1321 750 1374 Xenophont.
778 1318 1056 1360 Memorabil.
1087 1333 1138 1359 ex
1169 1320 1271 1359 edit.
1298 1321 1553 1364 Schneideri

158 1393 206 1433 L.
226 1393 279 1432 11.
306 1394 354 1432 C.
376 1408 409 1433 r.
436 1407 480 1446 p.
498 1398 562 1445 84.
600 1397 648 1433 in
682 1394 901 1442 adnotat„
940 1395 1016 1446 qui
1053 1402 1097 1431 et
1134 1393 1293 1433 similes
1331 1406 1553 1436 auctorum

157 1465 276 1511 locos
303 1466 480 1518 adfert.)
532 1467 658 1507 Adde
690 1467 921 1522 Virgilium
946 1465 1065 1505 idem
1093 1465 1282 1506 breviter
1313 1472 1553 1510 enuncian-

157 1548 245 1579 tem
259 1554 272 1578 :
307 1539 452 1579 Labor
468 1539 690 1592 improbus
708 1543 856 1580 omnia
875 1542 1016 1578 vincit,

251 1613 289 1655 Θ
302 1628 323 1653 ν
337 1630 361 1670 η
374 1629 402 1656 τ
414 1629 436 1656 ο
448 1614 507 1663 ἶς.
526 1619 597 1657 Sic
607 1617 758 1656 [oann.
770 1616 896 1656 Sicel.
914 1638 964 1646 -·—
982 1615 1034 1655 In
1050 1614 1182 1656 schol.
1198 1617 1483 1673 Hermogenis
1507 1615 1553 1659 δὲ

156 1688 349 1747 βροτοῖς,
366 1698 487 1750 quod
503 1706 683 1749 propter
698 1708 886 1749 sequens
900 1688 1082 1748 βροτείη
1101 1693 1268 1733 admitti
1284 1707 1378 1733 non
1392 1705 1550 1746 potest.

257 1768 462 1809 Fueritne
483 1768 554 1809 hic
572 1768 819 1809 hexameter
835 1782 932 1822 pars
960 1767 1148 1821 elegiae,
1190 1780 1247 1807 an
1280 1767 1436 1819 epodi‚
1477 1782 1553 1807 cu-

157 1842 341 1881 iusmodi
358 1845 406 1882 in
425 1843 609 1882 Horatio
637 1853 737 1883 sunt
758 1856 827 1890 12,
858 1849 930 1889 15,
960 1844 1031 1892 143
1058 1842 1273 1879 incertum
1294 1851 1372 1880 est.

731 2044 976 2095 LXXXII.

453 2134 644 2204 Ὅρκον
681 2131 723 2181 δ’
759 2128 1074 2195 ἐνοσφίσθης
1110 2132 1274 2215 μιέγαν
1323 2128 1325 2130 ’

183 2225 340 2285 ’Άλας
372 2239 433 2274 τε
463 2223 551 2274 καὶ
588 2219 868 2293 τράπεζαν.

191 2397 234 2440 Α
268 2392 376 2440 iure
408 2391 624 2440 iurando
660 2388 914 2437 descivisti
947 2389 1236 2454 salibusque
1276 2400 1328 2438 et
1361 2407 1549 2440 mensa.

261 2550 472 2604 Origenes
508 2559 659 2590 contra
692 2549 867 2589 Celsum
905 2548 953 2588 L.
974 2547 1027 2587 Π.
1063 2562 1106 2601 p.
1129 2563 1217 2589 201.
1253 2563 1296 2602 p.
1317 2554 1419 2601 407,
1460 2553 1550 2600 408.

158 2623 234 2676 Τίς
257 2622 342 2678 γὰρ
365 2620 446 2665 οὐκ
465 2617 599 2671 οἶδεν,
636 2619 706 2667 ὅτι
744 2620 909 2666 πολλοὶ
941 2621 1281 2678 κοινωνήσαντες
1323 2620 1447 2663 ἁλῶν
1476 2622 1552 2664 καὶ

159 2698 377 2758 τραπέζης
398 2699 725 2752 ἐπεβούλευσαν
746 2702 837 2754 τοῖς
858 2699 1085 2752 συνεςίοις,
1114 2700 1188 2741 καὶ
1218 2697 1387 2757 πλήρης
1407 2699 1493 2752 ἒςὶν
1528 2697 1553 2756 ἦ

158 2777 389 2830 Ἑλλήνων
409 2777 481 2821 καὶ
501 2778 742 2837 βαρβάρων
767 2777 904 2835 ἱςορία
921 2776 1135 2820 τοιούτων
1157 2775 1528 2835 παραδειγμάτων
1544 2792 1555 2804 ·
