1846 3308
641 309 1018 351 -177-

131 425 416 469 Archilochus
455 428 571 466 inter
604 434 770 464 veteres
809 422 1016 471 habetur,
1060 422 1323 463 Archilocho
1358 424 1528 465 adiudi-

134 502 323 541 candum
366 512 484 547 esse,
539 512 636 537 cum
681 496 818 536 doctis
860 499 958 534 viris
1001 495 1146 534 nullus
1192 496 1371 541 dubito,
1423 498 1528 537 licet

130 588 298 615 nomen
322 582 482 626 poetae
511 570 658 610 denuo
694 568 957 620 adscriptum
991 581 1085 607 non
1124 566 1306 616 habeat,
1344 579 1388 608 et
1423 569 1525 609 hinc

131 650 248 687 inter
272 647 514 700 fragmenta
535 646 625 682 eius
652 640 966 692 recipiendum.
1019 641 1156 689 „Nec
1177 640 1346 690 dubito,
1383 645 1528 695 inquit

134 719 306 759 doctiss.
326 715 502 764 Iacobs,
531 716 639 765 quin
657 716 696 751 ei
717 712 997 751 tribuendum
1017 716 1092 760 sit,
1122 726 1216 752 non
1238 717 1373 767 magis
1397 729 1527 767 quam

133 790 321 831 Achilles
340 791 444 828 Stat.
467 786 524 826 ad
544 784 699 837 Catull.
723 785 801 837 Ep.
817 785 885 824 LI.
908 795 950 824 et
968 786 1117 825 Dousa
1136 790 1183 825 in
1200 786 1311 825 L.11.
1331 787 1527 839 Propert.

136 864 256 905 CX.
293 863 483 916 quamvis
519 862 567 898 in
605 858 748 897 Grotii
782 857 974 898 Stobaeo
1010 872 1054 911 p.
1086 859 1173 905 265.
1210 863 1305 898 sine
1342 864 1528 900 auctoris

137 939 318 977 nomine
343 937 565 987 prostet.“
615 930 768 971 Iacobs
791 931 1018 970 Animadv.
1047 932 1146 972 Vol.
1166 933 1198 972 I.
1227 933 1274 971 P.
1293 932 1325 971 I.
1352 947 1395 985 p.
1418 933 1503 984 167.

233 1014 287 1053 V.
312 1026 347 1053 1.
374 1003 674 1063 Ἐγκειμαι
707 1003 876 1059 πόθῳ.
928 1006 1149 1050 Theocrit.
1176 1010 1300 1064 Idyll.
1330 1021 1373 1062 γ.
1401 1025 1437 1050 ν.
1462 1018 1527 1058 33.

136 1088 193 1129 de
220 1099 362 1126 amore
389 1087 436 1124 in
462 1084 666 1138 Amaryll.
691 1082 809 1139 Ἐγὼ
839 1082 919 1139 μὲν
948 1081 1016 1125 τὶν
1047 1079 1151 1132 ὅλος
1182 1080 1397 1141 ἔγκειμαι.

233 1165 289 1204 V.
311 1177 348 1203 2.
375 1154 661 1214 '‘Assvxof'·
721 1164 872 1204 Horat.
902 1163 957 1204 de
985 1174 1104 1203 metu
1130 1165 1176 1203 L.
1206 1164 1238 1204 1.
1266 1166 1307 1204 S.
1326 1165 1359 1204 Ι.
1397 1180 1434 1204 v.
1465 1171 1528 1223 75.

134 1246 206 1287 An
229 1242 409 1298 vigilare
443 1250 565 1279 metu
601 1244 923 1281 exanimum.
962 1262 1017 1270 —
1057 1238 1210 1281 Θεῶν
1254 1263 1304 1271 -
1350 1237 1528 1295 ἕκητι.

136 1321 311 1363 Pindar.
353 1314 499 1358 Isthm.
530 1317 615 1366 IV,
660 1331 694 1357 1.
735 1310 834 1368 ’‘eq
872 1330 949 1374 μοι
996 1315 1139 1359 ,θεῶν
1187 1312 1352 1359 ἕκατι
1394 1317 1531 1375 μυρία

137 1395 364 1445 κέλευθος.

212 1520 215 1523 ,
233 1475 286 1514 V.
305 1479 342 1519 3.
376 1469 535 1512 Πεπα
549 1484 571 1527 ρ
585 1460 716 1527 μένό
729 1485 759 1521 ς.
823 1475 1013 1516 Illustrat
1030 1474 1115 1516 hoc
1134 1474 1286 1515 Iacobs
1310 1485 1536 1515 auctorum

139 1552 264 1601 loeis,
308 1555 354 1591 in
379 1550 536 1605 quibus
562 1548 834 1606 πεπαρμένος
862 1553 1066 1593 translate
1094 1553 1149 1592 de
1178 1551 1403 1592 doloribus
1431 1552 1538 1592 dici·

139 1634 233 1674 tur,
288 1623 445 1677 quibus
483 1627 649 1664 animus
687 1625 757 1665 vel
795 1639 952 1679 corpus
988 1629 1279 1674 excruciatur,
1324 1625 1533 1678 Apollon.

139 1696 285 1737 Rhod.
312 1697 386 1736 IV.
425 1697 535 1741 1066.
609 1698 775 1751 Orphei
817 1699 874 1739 de
918 1698 1071 1750 Lepid.
1107 1698 1235 1746 XIII,
1281 1705 1320 1744 5.
1374 1698 1533 1750 Hymn.

141 1771 274 1811 Hom.
305 1773 354 1809 in
387 1770 533 1823 Apoll.
568 1784 632 1823 92.
671 1782 753 1812 etc.
797 1773 897 1812 vide
943 1774 1072 1830 etia‘m
1115 1771 1341 1810 Animadv.
1380 1770 1432 1811 V.
1462 1771 1536 1810 111.

143 1844 190 1882 P.
212 1842 265 1882 ΙΙ.
292 1856 335 1895 p.
356 1848 445 1894 275.
474 1843 531 1882 ad
558 1847 807 1897 epigramm.
829 1858 919 1896 701.
945 1843 1144 1884 Analect.
1171 1845 1223 1883 T.
1244 1844 1318 1884 111.
1345 1857 1382 1884 v.
1406 1851 1446 1890 3.

997 2869 1041 2904 M
