1846 3308
666 295 734 305 ·-·-
802 284 898 316 201
970 294 1041 306 ·-

156 415 234 453 τας
256 398 465 461 ἔκρυψεν.
485 405 856 447 Leonid.Tarent.
878 408 1013 459 epigr.
1029 412 1092 459 9¹5-
1115 402 1256 447 Ἠιόνι
1278 404 1314 449 δ’
1336 404 1382 449 ἐν
1400 400 1545 464 ταύτῃ

156 478 276 521 κακὰ
306 478 507 536 λείψανα
534 478 770 537 Θράσιδος,
817 470 857 520 ὦ
894 477 1010 537 ’νὴρ,
1049 475 1306 538 ’Έκρυψαω
1367 489 1543 530 Aristid.

156 561 276 600 Orat.
299 561 470 603 funebr.
495 563 546 601 T.
566 562 601 601 Ῑ.’
627 576 669 613 p.
693 567 756 611 75.
783 556 981 614 Πότερον
1008 555 1089 613 τὴν
1118 555 1310 613 ἡλικίαν,
1342 559 1393 618 ἧν
1421 560 1545 619 ἔχων

154 631 356 691 οἴχεται,
405 634 479 678 καὶ
513 635 594 692 τὴν
633 633 809 692 ἀνδρίαν
845 630 1189 695 (ἂνοδῦρεται),
1230 634 1260 696 ᾗ
1296 638 1541 698 κέκρυπται

157 727 331 764 naucum

251 815 476 877 ’Δνιηρὰ
503 840 556 849 -
585 816 757 875 δῶρα,
793 821 911 862 dona
931 825 1088 869 tristia,
1123 828 1305 880 ingrata.
1358 826 1470 866 Nam
1499 837 1544 867 et

151 896 270 937 bona
308 907 352 936 et
377 895 489 936 mala
532 894 592 934 dii
630 893 874 935 hominibus
915 895 1105 938 tribuere
1134 897 1451 947 credebamur,
1499 910 1544 940 et

150 981 334 1023 utraque
351 968 453 1008 hinc
474 981 624 1007 eorum
648 968 765 1007 dona
785 982 808 1008 a
826 972 968 1020 poetis
988 969 1203 1011 dicuntur.
1238 970 1438 1026 Theogn.
1456 979 1540 1020 135.

149 1039 299 1092 Οὖτις,
334 1039 483 1100 Κύρν’,
520 1038 629 1097 ἄτης
653 1040 909 1100 καὶκὲρδεος
930 1039 1068 1092 αἴτιος
1086 1040 1232 1093 αὐτὸς,
1276 1043 1425 1087 Ἀλλὰ
1443 1046 1541 1089 θεοὶ

146 1119 318 1165 τούτων
350 1119 530 1178 δὼτορες
560 1119 842 1178 ἀμφοτέρων.
906 1125 976 1164 Sic
992 1127 1086 1178 ipse
1106 1124 1389 1167 Archilochus
1410 1131 1540 1167 etiam

145 1218 273 1257 supra
295 1204 444 1258 fragm.
465 1210 528 1251 58.
552 1203 740 1252 bellum,
779 1203 983 1251 caedem,
1019 1203 1199 1243 vulnera
1220 1194 1359 1249 ξείνια
1391 1198 1541 1260 λυγρὰ

144 1282 295 1322 Martis
326 1292 466 1321 vocat.
530 1282 709 1321 Homer.
744 1281 829 1320 Od.
861 1274 896 1318 δ.
926 1287 1015 1327 232.
1047 1276 1155 1327 Θεὸς
1189 1273 1363 1322 ἄλλοτε
1404 1274 1539 1334 ἄλλῳ

145 1352 247 1406 Ζεὺς
276 1354 450 1410 ἀγαθόν
476 1371 526 1398 τε
556 1355 694 1397 κακόν
724 1370 774 1397 τε
804 1353 925 1398 διδοῖ.
977 1358 1157 1399 Hesiod.
1177 1351 1305 1413 Ἔργ.
1326 1364 1422 1412 715.
1454 1352 1540 1401 Οὖ-

144 1430 336 1489 λομένην
375 1433 523 1489 πενίην
560 1431 861 1490 θυμοφθόρον
900 1431 1020 1487 ἀνδρὶ
1057 1456 1114 1466 —-
1151 1434 1364 1491 μακάρων
1407 1434 1539 1479 δόσιν.

142 1514 366 1570 Theognis
406 1515 462 1554 de
492 1513 614 1554 malis
652 1513 819 1554 homini
845 1515 1138 1566 perferendis:
1176 1512 1297 1555 Θεῶν
1329 1511 1363 1555 δ’
1393 1513 1538 1570 εἵμαρ-

143 1589 255 1647 μένα
305 1588 422 1646 δῶρα
461 1581 560 1631 Οὔκ
610 1585 665 1630 ἂν
712 1586 880 1645 ῥηϊδίως
928 1588 1091 1647 ,θνητὸς
1139 1588 1244 1649 ἀνὴρ
1294 1588 1537 1648 προφύγοι.

142 1669 258 1707 Hinc
277 1666 426 1707 fabula
448 1666 504 1706 de
530 1676 625 1705 utre
645 1670 691 1705 in
712 1665 824 1705 Iovis
842 1665 1057 1706 vestibulo
1083 1669 1278 1715 iacente,
1309 1681 1360 1707 ex
1380 1681 1469 1720 quo
1494 1678 1539 1708 et

141 1744 261 1784 bona
282 1754 325 1784 et
345 1744 457 1783 mala
479 1743 711 1796 dispensat.
733 1742 782 1781 Il.
806 1755 852 1781 ω.
869 1756 907 1781 ν.
926 1748 1014 1795 527.
1055 1743 1126 1783 Ad
1147 1757 1261 1796 quae
1281 1746 1538 1798 accipienda

142 1830 187 1860 et
213 1820 441 1859 toleranda
469 1824 627 1872 passim
655 1819 885 1859 hortantur
913 1829 1088 1870 poetae.
1122 1819 1276 1873 Odyss.
1301 1830 1342 1859 σ.
1382 1835 1421 1860 v.
1450 1826 1536 1872 141.

138 1891 268 1935 ’AM’
299 1889 378 1949 ὅγε
408 1893 512 1949 σιγῆ
540 1893 656 1952 δῶρα
684 1893 802 1938 θεῶν
833 1890 959 1950 ἔχοι,
998 1889 1115 1940 ἔστι
1144 1891 1310 1937 διδοῖεν.
1375 1899 1535 1954 Hymn.

141 1973 188 2009 in
212 1971 358 2010 Ceret.
379 1976 467 2015 215.

218 2053 366 2098 ’Δλλὰ
394 2053 512 2098 θεῶν
538 2053 617 2110 μὲν
649 2053 765 2112 δῶρα
793 2053 867 2102 καὶ
897 2051 1143 2112 ἀχνύμενοί
1171 2070 1250 2111 περ
1281 2052 1455 2109 ἀνάγκη

219 2132 456 2189 Τὲτλαμεν
485 2128 735 2191 ἅνθρωποι·
777 2131 844 2175 ἐπὶ
879 2133 964 2190 γὰρ
994 2131 1129 2191 ζυγὸς
1157 2128 1315 2189 αὐχένι
1348 2133 1505 2177 κεῖται.

138 2218 216 2259 ubi
234 2220 333 2259 vide
354 2219 647 2260 Mitscherlich
675 2235 719 2273 p.
750 2228 845 2270 155,
873 2222 936 2267 56.
956 2230 999 2261 et
1028 2234 1068 2260 v.
1092 2224 1189 2272 147,
1214 2226 1278 2271 48.
1331 2218 1532 2273 Aeschyl.

139 2296 253 2336 Pers.
276 2310 364 2349 291.
389 2291 585 2350 ’Δνάγκη
614 2296 814 2351 πημονὰς
840 2294 1021 2353 βροτοῖς
1049 2293 1223 2351 φέρειν,
1254 2292 1377 2335 Θεῶν
1402 2290 1535 2334 διδόν-

138 2383 242 2411 των.
276 2375 484 2427 Apollon.
503 2377 745 2430 Argonaut.
762 2376 794 2416 I.
818 2390 859 2415 v.
878 2382 964 2429 298.
986 2371 1183 2429 Πὴματα
1204 2370 1289 2428 γάρ
1310 2369 1349 2413 τ’
1370 2368 1534 2423 ἂΐδηλα

140 2444 235 2488 θεοὶ
263 2448 466 2505 θνητοῖσι
497 2450 725 2506 νέμουσιν·
761 2449 864 2492 Τῶν
894 2451 1077 2509 μοῖραν,
1117 2446 1237 2492 κατὰ
1265 2447 1414 2506 θυμὸν
1446 2449 1535 2490 ἀνι·

142 2521 312 2580 ἁζουσά
338 2540 442 2583 περ.
479 2525 617 2586 ἔμπης
645 2526 798 2584 'rafim
828 2527 991 2585 φέρειν.
1044 2532 1151 2583 Ipsis
1173 2527 1421 2571 Archilochi
1440 2542 1535 2569 ver·-

141 2599 206 2639 bis
227 2615 328 2640 usus
349 2613 413 2643 est
430 2604 647 2645 Palladius
669 2609 804 2660 epigr.
829 2620 888 2647 11.
905 2605 1032 2645 Anal.
1054 2605 1107 2644 Τ.
1126 2603 1179 2643 Π.
1204 2616 1248 2655 p.
1268 2607 1333 2653 48.

222 2683 366 2741 Ὄργῆ
392 2683 474 2727 τοῦ
504 2687 607 2738 Διός
635 2686 695 2741 έςι
725 2688 861 2745 γυνὴ,
898 2686 1033 2745 πυρὸς
1062 2682 1359 2731 ἂντιδοθεῖσα,

226 2761 420 2818 Δῶρον
458 2762 705 2822 ἀνιηρόν.
