1846 3308
840 291 1213 341 ...234ss

326 415 513 473 λόμενος
547 413 720 459 ἂνεῖλεν
753 415 795 459 ὲν
833 409 988 473 Εὐήνῳ
1025 418 1219 474 ποταμῷ
1245 418 1412 463 Νέσσον
1451 420 1717 481 Κένταυρον.

327 492 383 544 ὡς
419 493 493 535 καὶ
534 492 807 551 ’Δρχίλοχος
849 495 992 552 ἱςορεῖ.
1046 499 1271 540 Scholiast.
1309 501 1538 553 Apollonii
1572 503 1715 546 Rhod.

323 577 372 616 L.
405 574 438 613 Ι.
478 586 516 613 v.
541 586 651 612 1212.
728 573 848 612 Haec
897 573 1050 613 eadem
1097 576 1314 627 exscripsit
1354 574 1550 616 Eudocia
1600 577 1715 618 Viol.

323 663 364 702 p.
389 662 502 696 211„
529 645 607 686 ubi
627 645 682 686 de
701 646 890 686 Hercule
914 650 1023 702 agit,
1051 650 1198 700 paucis
1226 646 1365 689 verbis
1394 650 1584 694 mutatis.

913 897 1127 941 CXXIX.

418 999 693 1059 Ἀρχίλοχος
721 997 800 1056 μὲν
828 992 910 1041 οὒκ
931 995 1174 1055 ἐτόλμησεν
1197 997 1403 1054 Ἀχελςὸν
1426 998 1481 1051 ὡς
1509 1001 1714 1061 ποταμὸν

315 1079 533 1139 “Ηρακλεῖ
551 1076 828 1134 συμβαλεῖν,
858 1074 965 1118 ἀλλ’
985 1073 1040 1125 ὡς
1070 1073 1244 1132 ταῦρον.
1293 1073 1490 1136 ’Όμηρος
1522 1079 1565 1122 δὲ
1598 1081 1713 1139 πρῶ-

315 1176 388 1208 τος
408 1156 614 1215 ποταμοῦ
640 1156 712 1199 καὶ
743 1152 875 1212 ἥρωος
914 1151 1223 1211 ἦγωνοθέτησε
1252 1154 1422 1212 μάχην.
1477 1157 1713 1217 Ἑκάτερος

317 1229 396 1281 οὖν
420 1236 502 1292 τὴν
524 1230 661 1290 αὐτὴν
682 1229 890 1277 ὑπόθεσιν
916 1231 1124 1289 ἑμέτρησε
1144 1232 1201 1288 τῇ
1224 1231 1448 1290 (ἑαυτοῦ)
1477 1233 1669 1293 δυνάμει.

417 1341 562 1382 Schol.
598 1341 777 1379 Homer.
811 1338 980 1379 Villois.
1018 1338 1066 1379 11.
1100 1335 1152 1390 φ.
1183 1352 1220 1377 v.
1241 1347 1328 1391 257.
1356 1332 1566 1392 μεμυκὼς
1600 1332 1709 1392 bisve

313 1418 484 1475 ταῦρος.
513 1439 566 1448 -
595 1412 829 1456 Ἐντεῦθεν
851 1411 1115 1469 ὁρμηθέντες
1147 1411 1224 1455 τὸν
1255 1411 1488 1470 Ἀχελῷον
1521 1411 1710 1473 ἐταὺρω·

315 1510 393 1538 σαν
413 1491 630 1550 (Ηρακλεῖ
650 1489 986 1548 ἀγωνιζόμενον.
1039 1487 1316 1549 ’Δρχίλοχος
1336 1491 1415 1547 μὲν
1436 1486 1517 1535 οὐκ
1539 1507 1580 1534 κ.
1601 1508 1641 1536 τ.
1662 1491 1708 1536 λ.

312 1579 367 1618 Et
393 1576 537 1617 Schol.
578 1578 747 1615 minora
784 1573 840 1613 ad
876 1573 927 1612 11.
956 1570 1009 1624 φ.
1038 1588 1075 1613 ν.
1105 1578 1189 1626 ¹94·
1241 1567 1466 1628 εΗρακλῆς
1505 1570 1563 1621 εἷς
1598 1567 1708 1627 ᾅδου

311 1649 551 1695 κατελθὼν
590 1645 658 1691 ἐπὶ
697 1645 773 1690 τὸν
802 1645 1048 1704 Κέρβερον,
1089 1646 1311 1704 συνέτυχε
1348 1645 1600 1705 Μελεάγρῳ
1639 1649 1711 1704 τῷ

311 1730 496 1780 Οἰνέως,
533 1726 607 1770 καὶ
638 1726 867 1782 δεηθέντος
895 1726 1036 1783 γῆμαι
1063 1724 1143 1781 τὴν
1185 1724 1388 1782 ἀδελφὴν
1429 1725 1706 1783 Δηϊάνειραν,

309 1805 570 1851 ἐπανελθὼν
601 1805 659 1856 εἰς
687 1804 786 1860 φῶς
815 1800 1021 1846 ἔσπευσεν
1059 1802 1120 1852 εἰς
1147 1801 1371 1846 Αἰτωλίαν
1409 1803 1515 1863 πρὸς
1556 1804 1704 1848 Οἰνέα.

308 1884 588 1936 καταλαβὼν
627 1882 671 1925 δὲ
708 1881 1028 1938 μνηςευόμενον
1064 1879 1144 1938 τὴν
1184 1879 1316 1939 κόρην
1352 1867 1584 1939 ’Ἀχελῷον
1624 1881 1704 1926 τὸν

306 1962 494 2019 πλησίον
542 1956 746 2018 ποταμὸν
797 1958 1075 2003 διεπάλαισεν
1122 1956 1249 2014 αὐτῷ
1302 1958 1469 2016 ταύρου
1524 1959 1703 2017 μορφὴν

307 2041 486 2098 ἔχοντι.
516 2031 571 2084 οὗ
591 2038 664 2083 καὶ
686 2034 943 2089 ἀποσπάσας
961 2035 1013 2081 τὸ
1034 2036 1181 2094 ἕτερον
1200 2038 1289 2081 τῶν
1311 2037 1531 2097 κεράτων,
1563 2037 1704 2091 ἔλαβε

306 2119 386 2174 τὴν
410 2117 644 2176 παρθένον.
699 2122 765 2162 Cf.
794 2124 923 2160 etiam
951 2120 1114 2175 Hygini
1144 2121 1279 2160 fabul.
1308 2128 1372 2167 51.
1401 2119 1597 2160 Macrob.
1626 2120 1700 2160 Sa-

306 2197 463 2235 turnal.
498 2197 545 2235 L.
565 2196 618 2234 V.
667 2209 700 2235 c.
724 2207 783 2247 17·
829 2192 972 2233 Schol.
1008 2193 1153 2245 Apoll.
1190 2192 1334 2232 Rhod.
1371 2193 1418 2234 L.
1435 2192 1509 2230 IV.
1545 2205 1588 2244 p.
1611 2199 1698 2244 293.

304 2273 521 2313 Achelous
570 2271 674 2311 inde
730 2285 755 2309 a
803 2268 1022 2321 Sophocle
1066 2284 1104 2308 v.
1146 2278 1205 2316 13.
1247 2263 1494 2321 βούκρανος
1536 2268 1606 2308 vel
1649 2281 1700 2308 ex

303 2349 474 2391 emend.
496 2347 699 2387 Brunckii
720 2341 974 2399 βούπρωρος
998 2347 1166 2386 dicitur.
1201 2344 1442 2385 Acheloum
1462 2345 1542 2386 hac
1558 2346 1700 2386 forma

304 2437 400 2462 cum
422 2434 512 2461 uno
537 2433 671 2459 cornu
692 2422 818 2468 tauri,
848 2419 983 2459 altero
1002 2400 1059 2459 'ab
1082 2418 1272 2458 Hercule
1296 2418 1359 2456 illi
1383 2416 1577 2467 effracto,
1597 2418 1698 2458 vide

303 2499 358 2536 sis
389 2499 436 2535 in
463 2491 687 2533 Thesauro
716 2492 928 2544 Antiquit.
948 2492 1160 2531 ‘Graecan
1203 2491 1415 2530 Gronovii
1450 2491 1501 2530 T.
1535 2490 1568 2530 1.
1599 2490 1696 2531 Rrr.

297 2568 502 2608 Eundem
522 2568 663 2618 capite
686 2574 869 2604 cornuto
894 2579 932 2604 v.
957 2568 1003 2605 in
1022 2564 1223 2604 Dorvillii
1239 2564 1391 2603 siculis
1413 2564 1488 2604 xl.
1516 2573 1609 2604 not.
1634 2577 1695 2605 ιι.

303 2652 347 2682 et
379 2651 529 2681 notam
573 2652 616 2691 p.
640 2639 727 2685 236.
789 2637 909 2677 Haec
945 2650 1094 2693 pugna
1128 2637 1326 2678 Herculis
1363 2650 1461 2676 cum
1496 2635 1694 2677 Acheloo

304 2718 431 2754 etiam
453 2711 596 2752 efficta
619 2721 710 2751 erat
734 2713 781 2750 in
801 2710 913 2751 solio
934 2711 1176 2765 Arnyclaei,
1204 2720 1253 2750 ut
1271 2711 1502 2750 Pausanias
1528 2723 1694 2750 memo-

301 2797 368 2827 rat
386 2788 587 2827 Laconic.
608 2799 652 2838 p.
673 2798 757 2827 ιω.
811 2784 877 2824 Cf.
898 2785 961 2825 Cl.
991 2785 1209 2838 Heynium
1240 2787 1286 2828 in
1316 2797 1451 2836 opere
1469 2783 1692 2836 Antiqua,-
