1846 3308
835 314 902 323 -
972 292 1071 340 246
1140 313 1208 323 .-

330 430 456 469 ente,
491 418 651 459 viribus
681 417 857 458 tandem
893 417 1124 468 deficiunt,
1161 422 1208 459 in
1237 422 1362 472 peius
1391 419 1635 470 declinant,
1674 432 1718 462 et

328 505 596 545 quocunque
614 492 748 531 modo
767 493 815 531 in
837 491 1097 532 deteriorem
1118 492 1417 533 conditionem
1441 492 1718 534 delabuntur.

328 565 442 603 Hinc
477 563 588 603 illud
617 565 874 617 Vespasiani
912 565 1031 617 apud
1058 566 1316 604 Suetonium
1353 567 1390 615 §.
1420 573 1507 613 23.‚
1555 569 1631 618 qui
1663 567 1719 606 de

329 636 486 691 Cerylo
515 636 697 686 liberto,
737 651 833 676 cum
859 640 1099 691 ingenuum
1125 651 1171 677 se
1199 647 1242 677 et
1259 636 1516 687 Lachetem,
1552 632 1717 679 mutato

326 712 530 757 nomine,
558 710 671 749 ferre
691 720 895 762 coeperat
917 710 974 749 ad
990 713 1055 750 ius
1073 709 1164 750 fisci
1183 710 1612 767 subterfugiendum,
1640 711 1717 751 illo

329 796 451 823 versu
469 783 704 839 Menandri
720 796 819 822 usus
842 792 925 823 est:

788 880 843 888 —
871 880 927 889 —
956 880 1013 888 —-
1043 847 1082 898 w*
1108 855 1287 914 Λάχης,
1326 856 1498 914 Λάχης,

546 930 685 975 'En-&v
716 932 967 990 ἀποθάνῃς,
1014 924 1146 986 αὖθις
1173 929 1222 985 ἐξ
1251 933 1392 992 ἀρχῆς
1421 932 1496 990 ἔσῃ

545 1010 771 1070 Κηρύλος.
831 1036 887 1046 -
942 1034 999 1045 -
1055 1035 1111 1045 -
1387 1020 1393 1026 ⁷

975 1220 1072 1265 CL.

816 1305 1229 1369 Κοκκύμηλα.

427 1401 576 1441 Pollux
592 1402 638 1441 L.
657 1401 690 1442 I.
724 1415 758 1440 c.
784 1415 841 1440 12.
876 1409 978 1440 sect.
999 1407 1085 1447 252.
1135 1393 1266 1448 Ἰςέον
1298 1393 1365 1443 δὲ,
1395 1393 1466 1439 ὅτι
1495 1393 1716 1454 κοκκύμη-

327 1472 408 1518 λον
445 1474 524 1532 μὲν
561 1470 818 1530 οὗδετέρως,
859 1473 881 1518 ὁ
910 1473 1095 1531 καρπός·
1133 1471 1365 1530 ἀρσενικῶς
1396 1470 1441 1515 δὲ
1467 1471 1520 1517 τὸ
1548 1471 1717 1531 δένδρον

327 1550 508 1607 misti,
548 1552 657 1610 μέση
688 1551 920 1610 κωμῳδία,
959 1551 981 1596 ὁ
1011 1548 1308 1607 κοκκύμηλος.
1351 1550 1518 1607 χρῆται
1556 1549 1601 1594 δὲ
1641 1551 1718 1594 καὶ

326 1629 601 1690 Ἀρχίλοχος
628 1631 695 1685 τῷ
713 1629 803 1674 τῶν
824 1627 1123 1687 κοκκυμήλων
1153 1627 1350 1685 ὀνόματι.
1401 1634 1471 1673 De
1498 1647 1722 1688 coccyme·

326 1714 376 1754 lis
398 1718 484 1754 sive
515 1717 660 1766 prunis
690 1715 743 1754 cf.
772 1714 1045 1755 Athenaeum
1070 1714 1118 1752 L.
1138 1713 1189 1752 ΙΙ.
1218 1725 1260 1764 p.
1278 1716 1341 1764 49.
1371 1726 1485 1766 quae
1515 1722 1558 1752 et
1584 1706 1719 1764 δαμα-

327 1788 491 1845 σκηνὰ,
538 1802 581 1832 et
608 1807 632 1832 a
660 1792 920 1845 quibusdam
944 1784 1163 1844 βράβυλα
1189 1800 1342 1831 vocata
1367 1799 1480 1831 sunt.
1533 1789 1716 1830 Casaub.

327 1865 618 1905 Commentar.
652 1881 695 1920 p.
721 1867 794 1916 62,
822 1871 886 1918 4ο.

962 2071 1078 2115 CLI.

885 2157 1155 2207 Κοπᾶεω

425 2253 609 2307 Etymol.
635 2254 696 2294 M.
749 2248 950 2295 Κοπᾶἐν,
983 2240 1140 2301 ξίφος,
1168 2242 1288 2302 παρὰ
1309 2241 1597 2299 ’Δρχιλόχῳ.
1629 2240 1715 2286 ἀπὸ

324 2324 405 2369 τοῦ
435 2324 645 2382 κοπάγειυ
683 2330 787 2384 (leg.
816 2324 995 2367 κόπτειν
1009 2326 1039 2375 ).
1070 2320 1249 2364 Κοπόἱεν
1275 2328 1406 2380 igitur
1431 2322 1715 2365 Archilochus

325 2406 640 2462 significatione
666 2403 746 2446 τοῦ
774 2396 932 2457 ξίφους
973 2401 1194 2450 adhibuit,
1238 2405 1322 2442 nisi
1347 2404 1517 2454 potius,
1562 2404 1716 2441 omissa

323 2489 703 2539 interpunctione,
732 2486 848 2538 legas
879 2478 1042 2520 κοτε-ἄεν
1072 2469 1226 2530 ξίφος,
1256 2481 1365 2518 sicut
1391 2479 1606 2518 Homerus
1632 2489 1715 2516 κω-

323 2559 429 2615 πῆεν
470 2553 601 2611 ξίφος
627 2561 696 2600 vel
723 2555 955 2612 φάσγανον
993 2558 1136 2598 habet.
1198 2556 1247 2595 Il.
1275 2566 1320 2593 π.
1359 2570 1395 2594 v.
1416 2563 1504 2605 533.
1541 2546 1717 2608 πλήξας

324 2631 447 2692 ξίφει
471 2630 645 2692 αὐχένα
663 2633 895 2690 κωπήεντι.
925 2647 968 2676 et
986 2637 1034 2676 ΙΙ.
1063 2646 1100 2675 ο.
1127 2642 1216 2688 713.
1244 2635 1303 2674 Ut
1337 2634 1448 2674 adeo
1476 2635 1587 2675 illud
1613 2647 1717 2687 pro-

323 2722 433 2757 xime
460 2734 482 2757 a
503 2713 641 2769 ›tom-35,
670 2715 756 2758 hoc
784 2730 809 2756 a
835 2710 962 2768 κώπη
991 2714 1231 2763 derivetur,
1260 2713 1375 2753 varia
1396 2725 1475 2764 pro
1499 2713 1542 2751 vi
1558 2710 1713 2751 radicis

318 2791 651 2846 significatione.
