1846 3308
164 450 342 491 allatum
368 449 417 489 11.
434 461 467 487 ε.
481 451 570 500 788.
590 445 790 486 observat
809 447 938 484 etiam
960 437 1012 482 τὸ
1034 455 1067 480 ω
1091 438 1208 495 μέγα
1230 439 1301 481 διὰ
1321 438 1374 482 τὸ
1396 439 1556 498 μέτρου

127 520 137 526 ”
164 524 411 565 adsumtum
447 534 563 562 esse:
607 523 655 559 in
681 532 771 571 quo
798 527 944 559 tamen
975 516 1162 564 fallitur,
1207 519 1310 568 quia
1336 527 1379 557 et
1404 519 1452 556 in
1476 518 1560 571 Ly-

162 605 253 641 siae
278 601 380 642 loco
406 613 488 653 per
512 610 547 636 ω
572 596 745 651 legitur.

824 823 905 867 VI.

223 923 294 974 ἶΩ
312 924 439 984 Ζεῦ,
475 923 640 993 πάτερ
668 921 796 980 Ζεῦ,
827 920 922 969 σὸν
949 917 1037 983 μὲν
1071 916 1302 989 οὐρανοῦ
1333 921 1556 993 κράτος·

228 1014 303 1065 Σὺ
338 1015 381 1063 δ’
417 1012 523 1086 ἔργ’
557 1010 921 1086 ἐπ”ἱρύρανίων
954 1009 1044 1060 καὶ
1058 1007 1378 1086 ,ἀνθρώπων
1413 1011 1546 1082 ὁρᾷς

228 1103 456 1176 Λεωργὰ
488 1104 781 1171 κᾴθέμιςα,
833 1101 922 1151 σοὶ
958 1099 1015 1151 δὲ
1048 1101 1273 1172 ,θηρίων-

219 1195 392 1267 Ὕβρις
427 1208 484 1243 τε
519 1194 606 1244 καὶ
644 1193 755 1254 δίκη
793 1192 947 1256 μέλει.

548 1358 611 1397 Ex
635 1360 858 1410 interpret.
887 1357 952 1396 Cl.
980 1357 1171 1397 Heeren.

229 1437 271 1483 O
306 1434 494 1498 Iupiter
531 1449 786 1496 supreme,
826 1445 885 1479 tu
920 1434 1060 1481 coelo
1098 1433 1309 1496 imperas
1320 1451 1338 1489 ;

227 1529 312 1572 Tu
331 1536 509 1571 cuncta
533 1522 664 1570 facta
687 1523 926 1570 coelitum
949 1535 1098 1587 atque
1119 1523 1387 1571 hominum
1408 1538 1557 1575 notas

229 1614 446 1662 Tumida
481 1631 538 1662 ac
572 1612 821 1669 nefanda3
868 1625 990 1662 sunt
1022 1612 1243 1661 ferarum
1278 1615 1429 1663 etiam
1462 1616 1557 1665 tibi

231 1709 391 1752 Curae
423 1703 647 1752 facinora
681 1702 872 1767 fasque.

160 1867 334 1907 (Brunck
365 1867 469 1897 Anal.
499 1868 526 1897 1.
556 1878 589 1906 p.
616 1871 665 1903 43.
693 1866 738 1897 fr.
761 1875 807 1904 17.
841 1869 961 1898 Iacobs
992 1868 1069 1898 VoL
1091 1869 1120 1899 1.
1147 1869 1184 1899 P.
1207 1869 1235 1899 1.
1265 1879 1301 1908 p.
1322 1869 1387 1900 162.
1420 1871 1555 1902 Heeren

524 1920 527 1921 ⁷
599 1916 738 1946 Stobaei
758 1916 833 1945 Ecl.
858 1918 894 1945 Τ.
915 1918 942 1946 Ι.
965 1927 999 1954 p.
1021 1917 1113 1956 122.)

260 1975 420 2016 Versus
457 1974 535 2015 hos
564 1976 766 2015 Clemens
793 1976 909 2017 Alex.
948 1978 1103 2016 Strom.
1127 1977 1181 2016 V.
1216 1991 1260 2029 p.
1281 1983 1382 2026 725,
1413 1993 1473 2019 ιο.
1512 1990 1556 2019 et

159 2049 371 2088 Eusebius
408 2050 654 2100 Praeparat.
688 2050 850 2102 Evang.
877 2049 1002 2097 XIII,
1042 2063 1101 2087 12.
1146 2061 1373 2102 corruptos
1408 2061 1556 2093 tamen

157 2137 305 2179 neque
331 2130 523 2179 integros
554 2125 779 2173 adferunt,
811 2141 995 2179 quorum
1019 2127 1094 2167 ille
1122 2127 1150 2166 l.
1173 2142 1207 2167 c,
1235 2131 1316 2167 sic:
1352 2126 1555 2168 Τοιαῦτα

158 2199 245 2256 γὰρ
275 2197 298 2241 ὁ
328 2197 494 2256 Πάριος
521 2197 797 2255 Ἀρχίλοχος
827 2197 971 2255 λέγει·-
1021 2200 1092 2242 Σὺ
1124 2199 1157 2242 δ’
1196 2198 1305 2257 ἔργα
1335 2201 1400 2245 ἐπ’
1428 2199 1552 2262 οὐρα-

159 2274 257 2326 νοὺς
293 2275 395 2334 ὁρᾷς
431 2275 610 2335 λεωργὰ
648 2278 723 2319 καὶ
755 2274 787 2319 ὃ
822 2276 962 2335 θέμις,
999 2274 1078 2322 ubi
1113 2284 1311 2324 Potterus
1347 2294 1472 2324 notat
1506 2289 1555 2325 in

162 2357 258 2396 cod.
284 2358 438 2399 Ioann.
464 2370 565 2412 post
590 2348 799 2412 οὐρανοὺς
824 2360 911 2415 legi
939 2356 1198 2414 ἀνθρώπους
1226 2373 1269 2401 et
1294 2356 1473 2417 λεωργά
1502 2376 1553 2403 τε

161 2428 235 2472 καὶ
263 2430 467 2488 ἂθέμιςα.
527 2437 739 2478 Eusebius
773 2452 899 2478 vero:
936 2425 974 2476 αἶ
1010 2435 1117 2484 Ζεῦ,
1164 2433 1216 2478 σὺ
1246 2435 1327 2493 μὲν
1363 2430 1550 2495 οὐρανοῦ

161 2505 344 2563 κρᾶτρς,
381 2508 435 2553 σὺ
469 2510 503 2553 δ’
542 2508 651 2570 ἔργα
687 2510 751 2555 ἐπ’
781 2511 1040 2569 ἀνθρώπους
1068 2512 1153 2571 ῥεῖς
1182 2511 1362 2572 λεωργοὶ
1393 2531 1444 2557 τε
1477 2513 1551 2556 καὶ

161 2584 364 2641 assuage.
416 2592 560 2646 Atque
587 2596 648 2633 sic
675 2596 804 2633 etiam
832 2596 1018 2647 expressi
1043 2604 1143 2633 sunt
1170 2609 1194 2633 a
1221 2595 1285 2635 Cl.
1313 2596 1548 2643 Brunckio,

160 2668 245 2705 nisi
286 2661 407 2719 quod
439 2663 664 2722 κᾷθὲμιςα
698 2671 816 2725 legit.
876 2673 933 2712 At
970 2672 1034 2711 el.
1072 2673 1249 2712 Heeren
1290 2676 1338 2712 in
1372 2672 1550 2712 Stobaei

158 2739 333 2792 Eclogis
356 2740 407 2778 T.
430 2741 463 2779 Ι.
489 2755 533 2793 p.
555 2757 639 2782 122.
674 2743 753 2783 hos
780 2758 924 2785 versus
962 2759 986 2785 e
1024 2746 1153 2785 codd.
1191 2748 1472 2784 correctiores
1507 2754 1551 2784 et

161 2812 403 2865 plenioreS,
441 2813 520 2853 sub
558 2815 758 2870 Aeschyli
794 2827 941 2857 tamen
980 2822 1161 2857 nomine
1200 2817 1394 2864 exhibet,
1433 2822 1549 2858 etin
