1846 3308
802 290 870 301 ...-
948 275 1041 321 124
1112 294 1179 303 --.

926 405 1052 449 XLI.

285 488 621 554 ”Ημβλακον,
653 488 747 538 καί
762 506 862 539 που
884 492 971 540 τιν’
991 491 1153 541 ἄλλον
1175 490 1388 555 ἥτ”Άτη
1407 491 1686 558 κιχήσατο.

289 653 466 697 Fateor
499 648 628 696 hanc
661 647 885 710 culpam;
932 649 1018 697 sed
1051 654 1146 699 Ate
1179 652 1419 717 consequi
1450 664 1500 700 et
1530 652 1687 700 alium

1006 741 1150 789 solet.

387 872 557 912 (Brunck
577 873 680 902 Anal.
706 873 742 901 Τ.
764 873 791 901 1.
817 881 850 909 p.
872 875 921 908 45.
946 871 990 902 fr.
1009 879 1057 907 30.
1080 874 1199 904 Iacobs
1221 876 1262 905 V.
1283 876 1310 906 1.
1332 874 1368 907 P.
1391 878 1418 905 1.
1442 885 1476 915 p.
1500 874 1592 913 171.)

392 940 591 979 Clemens
614 936 846 976 Alexandr.
867 938 1065 978 Stromat.
1086 938 1133 977 L.
1155 940 1226 979 VI.
1246 955 1288 994 p.
1307 947 1404 992 758,
1433 946 1494 986 25.
1548 926 1688 983 Αὖθίς

289 1028 338 1056 τε
361 1012 380 1056 ὁ
407 1010 682 1070 Ἀρχίλοχος
701 1009 753 1053 τὸ
774 1009 1013 1069 Ὁμηρικὸν
1043 1011 1182 1055 ἐκεῖνο
1212 1013 1499 1071 μεταφέρων·
1530 1011 1687 1054 Ἀασά-

291 1107 402 1148 μην,
433 1088 519 1133 οὐδ’
541 1084 672 1139 αὐτὸς
694 1088 950 1145 ἀναίνομαι·
981 1089 1078 1132 ἀντὶ
1100 1105 1150 1132 νυ
1175 1088 1384 1140 πολλῶν,
1413 1096 1487 1147 (Il.
1515 1108 1543 1133 ι.
1574 1095 1684 1146 116.)

289 1161 372 1211 ‘555'
398 1184 488 1217 πως
511 1168 702 1224 γράφει·
735 1163 1013 1223 ”Ημβλακον
1039 1185 1080 1211 κ.
1093 1185 1133 1211 τ.
1146 1166 1189 1210 λ.

391 1244 742 1301 ”Ημβλακον.
796 1249 982 1304 Hesych.
1003 1241 1301 1303 ’Ήμβλακεψ
1332 1242 1553 1302 ἢγνόησεν.
1583 1246 1689 1300 ’Δμ-

286 1322 503 1377 βλακεῖν·
534 1324 761 1381 ἁμαρτεῖν.
815 1327 858 1365 Si
881 1329 974 1379 quis
996 1336 1165 1375 tamen,
1194 1329 1337 1380 inquit
1355 1328 1576 1375 Potterus,
1605 1318 1687 1378 ἥμ-

287 1402 463 1445 πλακον
492 1405 613 1446 malit
634 1420 714 1458 pro
745 1397 1011 1456 ἦμβλακον,
1038 1418 1119 1456 per
1149 1420 1219 1445 me
1249 1406 1374 1452 licet3
1420 1405 1537 1458 quod
1558 1409 1688 1444 etiam

288 1481 537 1535 Sylburgius
584 1478 802 1532 praetulit.
873 1476 1049 1527 (Iacobs
1094 1477 1122 1515 1.
1162 1485 1223 1531 c.)
1264 1478 1469 1519 Usitatius
1509 1479 1688 1532 quidem

288 1552 542 1609 ἂμπλακεῖν
598 1553 844 1595 auctoribus
901 1563 977 1593 est.
1057 1554 1205 1607 Eurip.
1247 1554 1458 1596 Androm.
1511 1569 1551 1595 v.
1595 1558 1685 1605 418.

286 1636 376 1682 428·
397 1635 486 1682 948·

452 1703 511 1745 ‘H
540 1701 572 1744 δ’
605 1699 840 1759 ἂμπλακ
855 1699 992 1743 οὖσα
1020 1700 1241 1743 συννοσεῖν
1269 1693 1387 1755 αὖα-ἧ
1414 1698 1554 1743 θέλει.

386 1778 520 1837 Ἀτη
572 1779 880 1836 κιχήσατο.
958 1782 1100 1834 Ipsam
1144 1781 1284 1820 Deam
1331 1780 1529 1834 intelligo
1573 1780 1685 1819 Iovis

287 1864 417 1903 filiam
446 1865 561 1902 iuxta
591 1861 770 1900 Homer.
809 1860 857 1899 Il.
887 1871 928 1898 τ.
959 1873 998 1898 v.
1024 1871 1061 1911 9.
1103 1868 1147 1897 et
1176 1872 1298 1911 seqq.
1330 1868 1373 1897 et
1401 1858 1539 1897 Eridis
1568 1860 1684 1897 iuxta

287 1935 528 1975 Hesiodum
566 1932 796 1987 Theogon.
829 1946 868 1971 v.
890 1931 965 1971 226
995 1953 1042 1960 —
1074 1937 1159 1977 230.
1223 1930 1438 1970 Homerus
1467 1931 1496 1970 1.
1520 1946 1555 1970 c.
1588 1945 1684 1970 eam

286 2013 346 2048 sic
369 2007 593 2047 describit:

339 2080 524 2136 Πρέσβα
555 2078 653 2129 Διὸς
686 2062 893 2135 θυγάτηρ
915 2073 1052 2133 ''Aa-27,
1094 2074 1123 2134 ἢ
1158 2076 1327 2124 πάντας
1355 2076 1488 2120 ἂόἑται

339 2153 602 2214 Οὒλομὲνη,
634 2158 706 2211 τῆς
729 2155 809 2214 μέν
838 2158 880 2199 θ’
905 2154 1072 2198 ἁπαλοὶ
1097 2155 1245 2205 πόδες,
1278 2149 1328 2197 οὐ
1351 2154 1436 2211 γὰρ
1469 2153 1534 2197 ἐπ’
1565 2148 1682 2197 οὔδει

337 2236 587 2282 Πίλναται,
620 2233 724 2275 ἀλλ’
755 2230 840 2290 ἄρα
875 2230 955 2290 ἥγε
987 2232 1086 2274 κατ’
1117 2231 1282 2288 ἀνδρῶν
1315 2230 1490 2290 κράατα
1523 2231 1682 2281 βαίνει,

338 2310 594 2356 Βλάπτουσ’
648 2311 927 2369 ἀνθρώπους·
981 2308 1129 2352 κατὰ
1168 2308 1203 2350 δ’
1243 2299 1339 2352 οὖν
1392 2304 1581 2365 ἕτερόν
1621 2323 1684 2364 γε

1002 2387 1064 2430 ’πέ
1078 2386 1098 2428 δ
1113 2403 1136 2442 ²7
1153 2400 1219 2429 σε..

286 2468 409 2523 quod
434 2470 574 2520 ipsum
593 2465 875 2507 Archilochus
911 2468 1125 2518 expressit.

382 2542 510 2580 Forte
539 2542 690 2594 fragm.
722 2537 806 2578 hoc
833 2538 888 2578 ad
921 2541 1128 2578 trimetros
1155 2538 1308 2578 referri
1335 2536 1527 2578 debebat
1554 2545 1597 2577 et
1621 2539 1684 2576 sic

286 2615 514 2657 constitui:

443 2709 940 2720 -----
985 2680 1279 2741 Ἥμβλακον,

439 2763 528 2805 Kal
559 2778 643 2807 που
673 2762 753 2806 τιν’
784 2758 930 2807 ἄλλον
962 2760 1029 2820 ἥτ’
1049 2759 1164 2820 ’Ἄτη
1194 2762 1431 2820 κιχήσατο.
