1846 3308
787 255 1160 295 -216—

281 380 397 437 ἷγος;
441 392 590 436 postea
627 386 791 438 pergit:
848 378 1130 437 Πτολεμαῖος
1177 378 1222 422 δὲ
1274 379 1296 423 ὁ
1345 379 1672 440 Ἀσκαλωνίτης

284 458 445 513 φησὶν,
493 456 549 508 ὡς
587 458 660 513 τῆς
699 457 898 514 πέρδικος
941 457 1015 501 καὶ
1052 458 1250 515 χοίνικος
1286 459 1459 515 γενικῆς
1494 458 1519 516 ἦ
1560 461 1670 518 μέση

283 534 572 589 συςέλλεται,
612 534 804 586 πεισθεὶς
829 535 1108 593 Ἀριςοφάνει
1135 537 1203 591 τῷ
1233 537 1556 594 γραμματικῷ,
1582 539 1671 582 ’καὶ

281 614 375 665 τοῖς
413 610 533 656 οὕτω
573 612 868 673 χρησαμένοις
909 615 1109 671 ποιηταῖς
1150 613 1218 656 διὰ
1259 615 1311 657 τὸ
1350 613 1524 674 μέτρον.
1566 614 1673 659 ἁλλ’

283 690 369 745 ἔςιν
399 689 517 735 αὐτὰ
547 691 620 733 καὶ
651 690 930 748 ἐκτεινόμενα
959 690 1181 743 πολλάκις
1208 686 1360 748 εὑρεῖν.
1728 691 1735 695 ’

918 925 1042 969 CIII.

550 1012 780 1079 ’Έμπλην
815 1012 943 1079 ἐμοῦ
980 1029 1037 1064 τε
1070 1014 1160 1065 καὶ
1196 1015 1375 1081 φίλου.

560 1182 678 1230 Sine
706 1198 887 1246 meque
916 1194 965 1230 et
999 1182 1174 1230 amico.

382 1349 589 1402 Apollon.
621 1349 848 1402 Sophistae
874 1349 1065 1389 Lexicon
1101 1363 1138 1389 v.
1168 1342 1369 1401 ἔμπλην·
1409 1345 1673 1404 ἑμπελὰδην,

284 1421 506 1478 σύνεγγος,
538 1421 566 1480 ἢ
599 1420 654 1474 ὡς
684 1420 868 1479 ἐνιαχοῦ
898 1422 971 1465 καὶ
999 1420 1273 1481 Ἀρχίλοχος
1305 1421 1373 1466 ἐπὶ
1402 1424 1483 1469 τοῦ
1512 1428 1671 1486 χωρίς·

275 1495 487 1556 ’Έμπλην
518 1516 558 1543 κ.
591 1517 632 1544 τ.
664 1499 707 1543 λ.
734 1503 812 1544 ubi
838 1513 984 1543 tamen
1002 1505 1116 1544 male
1143 1500 1240 1557 ἐμοί
1266 1517 1315 1544 τε
1343 1509 1547 1560 scriptum
1568 1519 1673 1558 erat,

286 1579 407 1630 quod
445 1593 467 1618 a
497 1578 559 1618 Cl.
587 1578 847 1618 Villoisonio
889 1588 1129 1617 correctum
1167 1588 1242 1618 est.
1303 1579 1425 1619 Idem
1459 1581 1677 1635 fragmen-

284 1665 375 1694 tum
403 1655 536 1695 habet
571 1659 700 1696 etiam
735 1654 983 1695 scholiastes
1009 1655 1219 1695 Nicandri
1255 1657 1310 1707 ad.
1343 1671 1386 1709 p.
1413 1670 1470 1709 ¹9·
1500 1652 1675 1712 ἔμπλην

287 1725 488 1786 ἄμμορον
510 1745 549 1772 κ.
572 1744 613 1772 τ.
635 1727 677 1770 λ.
707 1731 783 1772 ubi
803 1742 922 1772 recte
943 1727 1050 1786 ἐμοῦ
1072 1745 1136 1778 τε,
1157 1733 1236 1774 sed
1254 1747 1334 1786 pro
1354 1729 1496 1785 φίλου
1524 1740 1677 1778 vitiose

286 1804 459 1861 ἔφόλου
491 1813 672 1867 legitur,
713 1821 755 1851 et
781 1804 957 1863 ἔμπλην
994 1814 1122 1851 etiam
1157 1826 1237 1864 per
1262 1805 1400 1865 ’χωρὶς
1428 1813 1674 1866 explicatur.

285 1881 732 1944 Ηεεγεὴ.”Εμπλην·
769 1883 930 1941 χωρὶς,
970 1882 1123 1943 ἐγγὺς,
1163 1884 1363 1943 πλησίον.
1427 1891 1675 1932 callimach.

286 1960 431 2017 hymn.
459 1966 506 2001 in
532 1963 693 2002 Delum
720 1969 844 2014 v.'73.

369 2035 513 2091 Φεῢγε
545 2035 578 2078 δ’
608 2033 694 2095 ὅλη
722 2034 974 2093 Πελοπηῒς,
1012 2033 1093 2094 ὅση
1124 2035 1452 2095 παρακέκλιται
1481 2037 1662 2096 Ἰσθμῷ,

358 2108 571 2171 ’Έμπλην
602 2113 821 2170 Αἰγιαλοῦ
852 2130 902 2158 τε
939 2115 1014 2157 καὶ
1036 2111 1228 2172 Ἄργεος.

287 2190 477 2230 Metrum
505 2202 569 2231 est
593 2194 728 2244 priori
754 2192 998 2245 fragmento
1033 2196 1323 2245 consentiens.

923 2416 1039 2466 CIV.

565 2508 655 2568 Ὡς
691 2510 734 2558 δ’
767 2508 827 2560 ἄν
865 2526 925 2561 σε
958 2511 1092 2574 ,θωῖὴ
1129 2512 1299 2575 λάβοι.

568 2682 639 2725 Ut.
668 2689 718 2725 te
751 2694 915 2741 poena
948 2692 1353 2743 consequeretur.
