1846 3308
166 450 287 490 Male
326 454 443 490 enim
478 450 588 491 haec
631 464 683 489 ex
714 463 897 504 graeco,
940 450 1061 504 quod
1096 453 1142 489 in
1171 451 1374 505 Syncello
1413 463 1562 501 exstat,

168 523 592 580 κατὰἌρχὶλοχον
617 530 788 570 reddita
811 540 937 577 sunt,
966 530 1089 580 quasi
1111 530 1227 566 iuxta
1245 532 1459 568 rationem
1482 544 1561 569 seu

166 604 430 639 sententiam
461 599 734 649 Archilochi&
779 600 859 639 sed
894 600 1151 639 vertendum
1185 610 1276 639 erat
1314 611 1455 641 aetate
1491 602 1563 641 vel

170 675 283 712 circa
317 683 502 712 aetatem
532 671 852 724 Archilochi.c)
922 672 1038 711 Hinc
1070 675 1156 711 iam
1193 672 1358 711 dudum
1392 674 1562 713 Annius

168 746 452 786 Viterbiensis
467 745 515 797 d)
552 760 576 784 a
606 745 744 785 doctis
779 745 977 797 explosus
1015 755 1101 793 est,
1151 748 1227 797 qui
1254 756 1428 798 praeter
1452 746 1559 795 alia,

171 833 285 872 quae
313 817 528 858 veteribus
554 822 807 871 supposuit,
843 821 1001 870 scripta
1032 827 1075 855 et
1093 817 1254 866 edidit,
1294 821 1422 857 etiam
1445 819 1491 857 id
1512 823 1559 858 in

166 890 429 932 Archilocho
457 891 623 931 infelici
656 896 803 931 omine
833 901 877 931 et
909 904 1110 930 successu
1149 901 1345 943 expertus
1375 902 1461 938 est,
1508 892 1560 931 li·-

166 964 381 1017 brumque
399 963 455 1002 de
480 964 747 1016 temporibus
777 961 1003 1012 conflavit,
1032 973 1076 1002 et
1093 963 1173 1002 sub
1193 966 1374 1003 nomine
1401 968 1493 1003 eius
1514 968 1560 1004 in

163 1038 307 1080 lucem
326 1036 523 1088 protulit,
551 1037 619 1076 vel
641 1048 756 1077 certe
774 1040 930 1076 misere
947 1049 994 1075 se
1015 1035 1159 1088 decipi
1178 1050 1325 1088 passus
1348 1046 1425 1084 est,
1455 1037 1559 1076 dum

156 1120 370 1169 -scriptum
409 1115 463 1154 ab
505 1115 598 1155 aliis
638 1126 863 1168 acceptum
902 1125 946 1153 et
980 1112 1290 1166 apparentibus
1325 1108 1562 1166 κιβδηλίας

162 1193 279 1231 notis
314 1203 361 1229 se
386 1189 667 1229 manifestans
702 1204 783 1242 pro
819 1191 1013 1242 genuino
1039 1184 1289 1225 Archilochi
1322 1187 1447 1226 foetu
1484 1186 1560 1227 ha-

162 1263 260 1304 buit
285 1273 329 1303 et
356 1262 505 1301 edidit.
766 1262 770 1266 '

255 1354 300 1396 a)
332 1349 493 1388 Vossius
511 1350 555 1386 de
574 1351 762 1386 Historic.
782 1348 934 1384 Graecis
962 1347 1003 1382 C.
1026 1349 1057 1383 I.
1090 1360 1127 1395 p.
1146 1354 1180 1390 5.
1216 1350 1423 1384 Hartmmm
1440 1349 1558 1396 allge-

163 1424 278 1458 met'ne
302 1419 513 1457 Geschichte
538 1419 602 1455 der
625 1421 760 1456 Poesie.
808 1418 1040 1464 Einleitung‚
1067 1417 1163 1451 Seite
1183 1421 1248 1458 45,
1274 1415 1340 1457 46,
1363 1416 1538 1451 Anmerk.

217 1507 219 1510 ·
253 1490 307 1534 b)
342 1485 524 1523 Chronic.
547 1485 685 1521 Euseb.
707 1499 745 1534 p.
766 1495 824 1534 79.

252 1559 300 1602 c)
324 1553 489 1604 Syncell.
510 1552 801 1601 chronograph,
822 1566 860 1601 p.
879 1558 965 1595 1go‚
990 1557 1070 1594 131.
1093 1549 1175 1585 vid.
1196 1550 1230 1594 §.
1249 1551 1298 1584 11.
1317 1549 1374 1595 h).
1421 1550 1560 1598 Neque

122 1632 127 1637 '
161 1625 274 1661 etiam
303 1635 350 1658 ex
380 1621 508 1657 verbis
534 1620 758 1657 scholiastae
787 1619 989 1668 Apollonii
1014 1617 1119 1663 (vid.
1151 1618 1285 1666 fragm.
1316 1620 1407 1663 150)
1437 1630 1560 1666 neque

163 1693 323 1730 Malalae
341 1692 492 1740 (fragm.
513 1692 597 1736 153)
618 1689 752 1739 colligi
770 1698 907 1738 potest,
933 1685 1211 1722 Archilochum
1241 1684 1445 1721 historiam
1469 1685 1561 1720 scri·

162 1761 301 1809 psisse‚
343 1771 507 1807 quorum
533 1757 601 1794 ille
635 1758 802 1794 fabulam
828 1757 873 1792 de
907 1768 1035 1805 pugna
1060 1753 1236 1788 Herculis
1273 1765 1359 1787 cum
1385 1752 1558 1788 Acheloo

165 1839 319 1861 narrans
334 1826 611 1861 Archilochum
633 1828 687 1861 ait
708 1826 856 1875 ἶςορεῒνς
888 1824 953 1859 hic
971 1836 1065 1858 vero
1085 1823 1127 1856 in
1147 1821 1333 1856 chronico
1351 1819 1556 1854 historiam

162 1895 311 1943 Lyncei
337 1906 527 1943 exponens
552 1894 706 1935 scribit,
744 1906 831 1928 eum
858 1891 956 1926 hanc
984 1890 1293 1938 συγγράψασθαι.
1361 1888 1461 1924 Nam
1490 1885 1558 1921 illa

161 1960 347 2011 loquendi
362 1962 508 1997 ratione
525 1973 668 1998 veteres
686 1961 802 1997 etiam
822 1959 867 1994 de
884 1958 1020 2008 poetis,
1041 1957 1132 1992 dum
1153 1955 1354 1991 historiam
1372 1965 1435 1988 aut
1454 1953 1560 1988 fabu-

162 2030 240 2066 lam
270 2030 437 2065 carmine
468 2041 648 2071 tractant,
691 2040 755 2065 aut
781 2029 817 2064 ei
847 2028 1043 2065 intexunt,
1088 2025 1148 2059 uti
1178 2023 1296 2059 solere
1324 2031 1458 2056 notum
1489 2031 1558 2056 est.

161 2099 227 2134 Sic
257 2098 362 2134 idem
384 2097 586 2134 Scholiast.
617 2097 693 2133 alio
722 2096 811 2131 loco
827 2096 1009 2142 Πίνδαρος
1043 2092 1163 2139 ῗςορεῖ.
1218 2089 1408 2134 Plutarch.
1435 2089 1482 2125 T.
1504 2089 1557 2125 Χ.

160 2181 201 2216 p.
210 2167 290 2210 664.
306 2168 474 2208 Ἀλκαῖος
490 2165 525 2202 ἔν
543 2181 610 2202 τινι
631 2171 700 2202 τῶν
720 2162 837 2211 ὕμνων
858 2163 977 2211 ἶςορεῖ,
996 2171 1034 2196 et
1050 2161 1106 2195 sic
1126 2159 1195 2194 alii
1213 2158 1372 2206 saepius.
1406 2156 1559 2192 Deinde

162 2236 387 2284 συγ-γραφὴ.
412 2235 670 2282 συγγραφεὺς,
697 2230 930 2282 συγγράφειν
952 2230 996 2265 de
1016 2226 1215 2263 historicis
1241 2225 1396 2275 quidem
1415 2224 1559 2274 praeci·

128 2306 132 2307 ⁷
161 2286 236 2352 'pue
254 2302 417 2344 dicitur;
452 2301 516 2336 sed
534 2302 620 2349 quis
638 2301 775 2341 nescit,
807 2299 1011 2348 genuinam
1037 2296 1243 2331 verborum
1268 2293 1352 2328 vim
1377 2304 1415 2329 et
1444 2306 1557 2328 nsum

163 2369 240 2403 iam
267 2368 546 2419 degeneravisse
570 2379 685 2404 aetate
710 2367 887 2408 Malalae,
918 2365 987 2414 qui
1008 2364 1136 2399 locum
1169 2363 1213 2397 de
1231 2363 1408 2409 Lynceo,
1444 2373 1558 2408 quem

165 2435 263 2470 forte
279 2436 331 2470 'in
356 2437 479 2472 veteri
504 2436 761 2472 Grammatico
784 2434 994 2472 invenerit,
1026 2444 1093 2480 per
1120 2429 1375 2478 συνεγράψαντο
1406 2428 1558 2466 extulit,

165 2502 208 2536 in
236 2516 312 2551 quo
338 2503 404 2539 ille
433 2505 591 2554 ἷςόρησεν
622 2517 712 2540 usus
730 2503 886 2538 fortasse
906 2500 1041 2539 fuerit,
1069 2509 1112 2534 ut
1132 2497 1324 2533 scholiast.
1342 2494 1558 2543 Apollonii.

166 2570 316 2619 Scripta
331 2572 555 2609 Archilochi
571 2583 669 2608 certe
690 2581 806 2607 aetate
830 2568 989 2606 'Nlalalae
1016 2567 1095 2601 iam
1125 2566 1193 2600 din
1216 2575 1321 2599 erant
1350 2561 1556 2610 deperdita,

164 2650 286 2685 neque
315 2640 404 2674 adeo
430 2641 511 2688 ipsa
541 2640 609 2675 illa
636 2640 716 2674 eius
745 2638 911 2674 carmina
939 2635 1016 2684 legi
1048 2634 1093 2669 ab
1123 2645 1169 2668 eo
1200 2641 1394 2680 poterant,
1432 2628 1559 2662 multo

163 2704 292 2739 minus
319 2705 480 2742 historia
507 2707 687 2756 quaedam
714 2704 962 2744 Archilochi,
998 2701 1107 2737 cuius
1128 2712 1240 2736 nemo
1260 2708 1435 2733 veterum
1453 2708 1557 2729 men-

166 2771 310 2806 tionem
328 2771 430 2808 facit.

256 2839 305 2884 d)
342 2841 389 2877 V.
408 2840 573 2876 Fabricii
590 2841 690 2877 Bibl.
709 2843 792 2877 Lat.
820 2841 864 2877 T.
883 2842 914 2876 Ι.
939 2852 978 2886 p.
996 2843 1075 2881 877.
1101 2834 1158 2869 ed·
1182 2831 1320 2868 Hamb·
1341 2844 1373 2866 ²-
1396 2839 1497 2873 172¹·
