1846 3308
707 313 1048 355 ..91-

282 436 426 477 Schol.
446 434 666 475 Theocrit.
685 434 808 488 Idyll.
824 429 873 482 β.
900 446 937 473 v.
957 436 1022 484 48.
1048 429 1306 486 Ἱππομανές
1328 429 1572 485 φυτόνῗὲςι.

181 513 240 552 ad
264 528 394 567 quem
413 525 583 553 versum
603 511 823 558 observat,
860 509 1144 562 hippomanes
1171 525 1263 550 non
1291 526 1382 552 esse
1410 507 1573 562 Φυτὸν,

179 590 260 629 sed
296 586 454 643 φῦμα,
498 590 546 629 id
567 599 630 628 est
655 582 832 640 σαρκίον
871 582 1098 639 φυόμενον
1137 582 1347 639 γλοιῶδες
1385 585 1454 628 ἐπὶ
1491 585 1574 630 τοῦ

181 665 392 718 μετώπου
426 663 516 706 τῶν
543 660 722 705 πώλων.
752 679 801 705 ac
818 665 968 717 paullo
992 675 1093 717 post
1118 665 1260 705 addit:
1298 658 1399 711 ἴσως
1425 664 1574 718 φυτὸν

181 734 293 781 αὐτὸ
313 737 402 796 ἔφη
425 740 654 798 Θεόκριτος
685 738 811 783 οἱονεὶ
835 738 968 794 (ῥῦμα
990 736 1077 780 ἀπὸ
1100 738 1180 781 τοῦ
1202 734 1398 791 φύεσθαι
1419 740 1462 783 ἐν
1482 743 1577 793 τοῖς

181 815 358 869 πώλοις.
415 818 544 873 Λέγει
575 817 661 874 γὰρ
691 816 766 860 καὶ
786 815 1083 873 ’Δρχίλοχος·
1119 813 1318 871 Ἐσθλῆν
1349 833 1392 873 γ.
1424 815 1573 876 ἄλλην

182 909 224 937 κέ
263 911 304 937 τ.
345 893 389 938 λ.
461 898 745 938 Casaubonus
780 898 836 937 ad
864 897 981 936 hunc
1013 896 1161 935 locum
1194 907 1339 939 notat:
1383 926 1410 948 ,,
1425 897 1573 952 φυτὸν

180 989 444 1028 ‘exponamus
472 972 629 1028 φῦμαε
681 971 816 1027 φῦμα
843 984 987 1014 autem
1017 984 1081 1014 est
1105 971 1193 1013 πᾶν
1233 969 1286 1013 τὸ
1332 973 1574 1033 φυόμενον,

180 1063 229 1092 ut
254 1048 460 1107 ἀκρόαμα
488 1048 540 1093 τὸ
573 1048 850 1106 ἀκροώμενον
879 1062 923 1092 et
941 1051 1024 1090 alia
1040 1051 1087 1090 id
1112 1065 1261 1106 genus.
1305 1054 1370 1094 Ita
1398 1055 1451 1094 ab
1480 1056 1573 1098 aliis

179 1139 360 1180 quoque
395 1131 586 1180 reperies
612 1137 863 1179 usurpatam
898 1138 1065 1165 vocem.
1151 1125 1317 1164 Gallim.
1357 1127 1412 1167 de
1454 1129 1571 1170 ferro

179 1202 390 1256 loquens:
442 1201 627 1244 Γειόθεν
667 1198 898 1242 ἀντέλλων
938 1215 981 1241 τι
1022 1197 1160 1243 κακὸν
1200 1198 1371 1253 φυτὸν,
1417 1200 1464 1245 οἷ’
1498 1219 1571 1260 μιν

180 1276 362 1334 ἔφηναν.
416 1283 601 1338 Hesych.
631 1277 806 1334 φυτοῦ·
856 1275 1075 1332 φύματος.
1103 1285 1297 1333 respicit,
1334 1287 1416 1323 nisi
1443 1285 1574 1326 vehe-

180 1367 350 1396 menter
375 1357 519 1405 fallor,
547 1357 694 1396 locum
719 1360 860 1408 ipsum
884 1352 1145 1402 Archilochi,
1175 1368 1305 1407 quem
1325 1356 1574 1401 scholiastes

180 1436 359 1487 profert.
373 1438 404 1458 “
454 1434 580 1474 Adde
600 1435 747 1487 Eurip.
769 1434 916 1474 locum
936 1433 1054 1471 Med.
1075 1441 1161 1480 231.
1199 1430 1411 1483 Γυναῖκες
1444 1431 1572 1490 ἐσμὲν

181 1506 468 1550 ἀθλιώτατον
518 1507 716 1562 φυτόν.
787 1513 927 1550 Etiam
961 1509 1159 1565 Aeschyl.
1197 1506 1324 1549 Ἱκὲτ.
1360 1514 1448 1564 296.
1487 1513 1573 1554 huc

181 1589 292 1629 trahi
322 1599 490 1642 potest,
530 1592 604 1642 qui
635 1589 690 1628 de
721 1587 992 1627 Danaidibus
1025 1587 1149 1628 dicit:
1185 1582 1274 1627 Καὶ
1316 1583 1475 1641 Νεῖλος
1516 1587 1571 1631 ἄν

181 1663 361 1720 τρέψειε
388 1661 589 1705 τοιοῦτον
621 1663 780 1717 φυτόν.
1010 1660 1031 1681 '
1268 1666 1271 1669 ’

276 1738 522 1791 Εἴκασιν.
580 1743 767 1798 Hesych,
803 1739 1017 1783 Εἷκασία·
1049 1738 1263 1799 ὁμοιότης.

810 1962 940 2006 ΧΙΧ.

317 2048 460 2120 Πρὸς
496 2046 682 2113 τοῖχον
720 2047 1015 2110 ἐκινήθησαν
1051 2046 1098 2099 ἐν
1135 2049 1437 2116 παλινσκίῳ.

314 2193 394 2241 Ad
424 2192 664 2256 parietem
695 2193 1012 2258 agitabantur
1046 2192 1260 2240 obscuro
1289 2192 1344 2239 in
1374 2194 1503 2242 loco.

280 2340 534 2393 Harpocrat.
557 2354 596 2379 v.
615 2332 904 2376 Παλίνσκιον.
942 2331 1097 2383 Ἰσαῖος
1115 2331 1157 2375 ἐν
1178 2332 1247 2388 τῷ
1265 2333 1569 2394 πρὸςΌργεῶ-

183 2426 277 2463 νας·
305 2412 417 2470 μήτε
440 2411 701 2456 παλίνσκιον
729 2410 961 2467 γίγνεσθαι
984 2410 1036 2453 τὸ
1060 2411 1241 2470 χωρίον,
1273 2409 1370 2455 ἀντὶ
1394 2413 1474 2456 τοῦ
1500 2412 1570 2456 σύ-

183 2503 316 2533 σκιον.
383 2489 658 2550 ’Δρχίλοχος
699 2489 970 2548 τριμέτροις·
1026 2487 1145 2547 Πρὸς
1183 2491 1343 2548 τοῖχον
1381 2505 1422 2533 κ.
1453 2506 1494 2533 τ.
1524 2489 1568 2532 λ.

184 2570 298 2610 Hinc
313 2571 463 2612 Suidas
482 2587 558 2612 sua
581 2574 800 2624 exscripsit
818 2585 856 2611 v.
882 2565 1171 2612 Παλίνσκιον.

280 2643 393 2701 Πρὸ
409 2629 432 2697 ζ
453 2646 624 2702 τοῖχο
640 2660 676 2688 ν.
728 2651 798 2690 Sic
817 2661 860 2689 et
877 2651 1017 2690 Strato
1036 2654 1083 2690 in
1101 2665 1149 2690 re
1167 2654 1281 2703 turpi
1298 2650 1422 2689 Anal.
1446 2650 1496 2688 T.
1513 2649 1566 2688 ΙΙ.

184 2729 317 2780 epigr.
343 2731 406 2772 55.
442 2739 487 2778 p.
513 2734 602 2779 372.
637 2723 706 2778 τῷ
746 2723 890 2780 τοίχῳ
931 2722 1143 2775 κέκλικας
1179 2723 1259 2779 τὴν
1302 2719 1453 2777 ὀσφὺα
1487 2722 1568 2778 τὴν

181 2797 493 2856 περίβλεπτον.
