1846 3308
663 299 1040 349 ...145-

312 430 417 473 'rav
446 426 481 471 δ’
508 419 569 472 αὖ
593 421 821 484 ἦγεμόνευ’
847 423 1134 482 Ἐλεφήνωρ,
1165 419 1266 482 ὄζος
1282 419 1456 480 ’Δρηος,

311 505 728 562 Χαλκωδοντιάδης.
759 501 1036 563 μεγαθύμων
1069 501 1209 559 άρχός
1236 499 1493 553 ’Δβάντωψ

311 587 394 643 Τῷ
413 585 448 628 δ’
477 579 787 641 ἅμ”Δβαντες
806 579 967 624 ἕποντο
987 579 1087 622 θοοὶ
1109 575 1266 622 ὄπιθεν
1287 583 1549 638 κομόωντες.

310 662 565 723 Δι’χμηταὶ,
603 661 837 719 μεμαῶτες
880 657 1083 714 ὁρεκτῆσι
1114 654 1315 712 μελίῃσιν

310 740 522 800 Θῶρηκας
558 734 703 799 ῥήξειν
745 737 875 793 δηΐων
905 733 1027 793 άμφὶ
1056 734 1249 791 ςήθεσσι.

151 817 240 857 Ubi
273 818 373 858 vide
405 816 541 858 schol.
570 840 617 848 —
643 815 802 856 Scribit
833 813 935 868 Guy
957 813 1103 852 Itiner.
1122 813 1319 853 Litterar.
1346 816 1393 854 in
1412 815 1549 856 Grae-

150 893 262 930 ciam
285 891 337 930 Τ.
356 891 388 930 Ῑ.
417 905 459 944 p.
481 896 565 938 108.
589 891 798 929 versionis
819 889 1119 942 germanicae,
1152 886 1271 937 apud
1287 885 1476 928 Thraces
1504 900 1548 930 et

150 961 343 1002 Graecos
362 964 640 1018 Negroponti
657 963 705 1003 id
727 974 863 1016 genus
885 970 1091 999 tonsurae
1112 957 1255 998 adhuc
1280 965 1412 1001 moris
1437 975 1547 1012 esse,

149 1034 348 1093 ¹aliosque
366 1039 580 1090 populos,
610 1039 684 1089 qui
705 1039 756 1074 ea
774 1043 979 1081 utuntur,
1005 1035 1219 1072 nominat.

250 1092 304 1152 V.
321 1128 359 1154 2.
396 1109 611 1154 Μῶλον
631 1092 793 1167 ’Ἄρης
823 1105 1049 1162 συνάγῃ.
1102 1110 1252 1163 Imago
1283 1111 1443 1163 proelii
1467 1113 1547 1152 Ar·

148 1188 351 1229 chilocho
373 1205 470 1230 cum
490 1192 676 1230 Homero
697 1190 951 1229 communis.
979 1186 1027 1226 11.
1050 1183 1098 1234 β.
1129 1183 1390 1239 Εύχόμενος
1410 1187 1547 1228 θάνα-

147 1261 228 1305 τόν
249 1278 299 1307 τε
320 1263 484 1320 φυγεῖν
506 1263 580 1307 καὶ
603 1263 758 1320 μῶλον
780 1257 951 1318 Ἄρηος.
995 1263 1059 1302 Ita
1089 1266 1217 1302 etiam
1238 1263 1286 1303 11.
1315 1277 1360 1303 π.
1390 1272 1476 1318 245.
1504 1279 1548 1308 et

147 1353 187 1382 σ.
219 1348 303 1395 134.
355 1343 523 1383 Eodem
543 1343 679 1383 modo
710 1355 892 1395 quoque
919 1336 1122 1392 συνάγειν
1151 1339 1206 1378 de
1230 1341 1402 1391 proelio
1429 1357 1548 1382 com·

149 1421 365 1461 mittendo
410 1422 606 1462 Homero
657 1425 874 1461 usitatum.
930 1419 981 1459 11.
1017 1431 1050 1457 ε.
1090 1419 1179 1465 861.
1216 1407 1384 1470 2149.
1427 1413 1548 1473 ἔριδα

146 1484 414 1550 ξυνάγοντες
425 1491 595 1553 Ἄρηος,
622 1509 666 1539 et
683 1511 725 1538 τ.
746 1512 784 1538 v.
806 1502 894 1551 275.
922 1491 993 1535 ἵνα
1012 1490 1086 1535 καὶ
1108 1485 1370 1548 ξυνάγωμεν
1390 1488 1547 1551 Ἄρηα.

144 1575 195 1616 11.
223 1587 272 1616 π.
298 1578 386 1630 764.
416 1567 598 1630 ὑσμίνην
634 1573 852 1629 συνάγειν.

169 1661 178 1667 ·
233 1644 357 1702 ἶὛ.3.
394 1651 617 1706 Ξιφέων
657 1650 711 1693 δὲ
746 1646 1064 1702 πολῦςονον
1094 1645 1328 1692 ἔσσεται
1367 1647 1547 1708 ἔργον.

149 1725 286 1778 Quod
312 1727 527 1768 Homerus
558 1729 615 1768 de
648 1731 761 1768 curis
791 1738 836 1767 et
863 1730 1077 1767 aerumnis
1112 1725 1340 1779 epitheton
1369 1727 1549 1769 adhibet

147 1804 301 1858 fragm.
324 1812 389 1856 48.
430 1800 667 1855 πολύςονα
689 1801 846 1859 κήδεα,
872 1802 1157 1845 Archilochus
1189 1803 1245 1842 ad
1275 1818 1343 1843 res
1368 1803 1547 1846 bellicas

149 1886 215 1916 tot
259 1881 473 1918 aerumnis
518 1890 562 1918 et
606 1879 833 1934 gemitibus
877 1878 1030 1931 plenas
1077 1875 1281 1924 adhibet,
1330 1878 1549 1930 proelium

148 1947 396 2002 πολύςονον
426 1948 554 2010 ἔργον
584 1947 756 2008 ξιφέων
784 1956 947 1996 dicens.
1000 1956 1217 1995 Homerus
1252 1968 1356 1994 vero
1396 1955 1451 1995 de
1485 1971 1553 1996 ar-

146 2035 227 2072 mis
264 2043 309 2072 et
342 2028 586 2083 πολὺςονος
622 2045 666 2074 et
701 2030 858 2084 ςονόεις
896 2036 1045 2072 utitur.
1093 2032 1142 2071 11.
1171 2043 1207 2071 ο.
1234 2036 1324 2083 45ι.
1362 2027 1551 2083 πολὺςο·

148 2115 219 2156 νος
256 2104 441 2163 ἔμπεσεν
483 2107 557 2161 ι’ός.
621 2106 776 2167 Odyss.
804 2107 857 2163 φ.
883 2125 924 2151 v.
946 2124 1006 2151 12.
1040 2106 1097 2163 ψ.
1127 2115 1213 2157 180.
1256 2104 1372 2161 ἐφίει
1406 2107 1555 2160 βέλεα

148 2185 370 2238 ςονόεντα.

257 2262 483 2318 Ξιφέων
513 2262 693 2322 ἔργον.
730 2269 824 2319 ipsa
849 2279 1024 2321 pugna,
1062 2279 1149 2319 qua
1176 2261 1217 2304 οἱ
1248 2259 1435 2318 συςάδην
1467 2279 1549 2322 μα-

146 2340 334 2399 χόμενοι
362 2347 617 2402 confligunt.
671 2345 802 2385 Hom.
823 2345 872 2384 11.
898 2339 934 2382 δ.
961 2351 1052 2396 47¹·

720 2418 791 2469 ,ἐπ’
823 2413 951 2474 αὐτῷ
977 2416 1013 2460 δ’
1042 2414 1206 2475 ἔργον
1236 2411 1416 2475 ἐτύχθη

279 2496 522 2556 ’Δργαλέον
550 2497 718 2555 Τρῶτνν
748 2496 823 2541 καὶ
852 2496 1068 2555 Ἀχαιῶν.

147 2573 252 2612 item
267 2586 308 2613 v.
330 2581 420 2627 539.

257 2650 313 2690 V.
345 2656 387 2703 4.
433 2648 733 2706 Δάίμονες,
773 2653 927 2706 periti,
982 2648 1160 2689 Brunck
1202 2663 1282 2702 pro
1329 2645 1551 2702 δαήμονες,

149 2724 273 2777 quod
291 2727 340 2765 in
361 2724 593 2766 Plutarcho
622 2737 699 2776 est,
729 2736 774 2765 et
792 2735 977 2764 metrum
995 2736 1090 2762 non
1111 2723 1313 2771 admittit,
1340 2727 1550 2776 reposuit,

147 2806 192 2836 et
211 2797 431 2852 Bryauus,
466 2809 677 2838 mouente
705 2798 885 2843 Iacobs,
920 2801 968 2836 iu
998 2795 1139 2834 Codd.
1167 2797 1350 2835 invenit.
1410 2798 1554 2851 Etym.·

1008 2869 1046 2906 K
