1846 3308
816 275 1190 315 —260—

308 404 508 446 scholion
551 402 737 442 ibidem:
788 399 828 442 οἱ
869 398 1069 458 νεώτεροι
1108 399 1341 459 ἐπιθυμεῖν
1378 402 1432 446 τὸ
1475 407 1705 462 κροαίυειν,

308 476 371 530 ὡς
409 475 770 537 ’Δρχίλοχος.
838 481 1002 521 Verum
1049 481 1119 522 hic
1161 480 1434 538 Ἀντίμαχος
1469 485 1707 541 legendum
1755 509 1761 512 ·

312 567 398 604 est,
437 557 537 607 qui,
575 564 624 593 ut
661 568 711 594 ex
746 554 830 594 illis
867 552 1038 595 scholiis
1067 559 1249 596 omnino
1284 566 1429 610 patet,
1466 558 1707 600 Homerum

312 636 624 670 commentatus
646 636 734 675 est,
776 636 819 666 et
839 626 999 676 edidit,
1039 637 1083 668 et
1111 642 1242 681 quem
1273 644 1325 670 ea
1361 633 1533 683 saepius
1560 645 1708 685 repre-

310 702 511 743 hendunt
528 701 768 740 Homerum
786 712 880 740 non
907 710 1026 741 recte
1051 702 1325 743 intellexisse.

866 948 1152 994 CLXXXII.

408 1056 732 1109 Theophrastus
761 1047 845 1095 ὑπὸ
866 1050 919 1094 τὸ
950 1047 1081 1108 ἅςρον
1107 1055 1200 1095 fieri
1225 1051 1306 1108 τὴν
1343 1052 1529 1111 ἐντομὴν
1567 1059 1706 1100 balsa-

311 1142 371 1178 mi
390 1136 549 1177 scribit.
577 1157 626 1166 —
679 1133 836 1174 Graeci
855 1135 1022 1186 antiqui
1053 1127 1105 1171 τὸ
1128 1125 1258 1187 ἅςρον
1280 1129 1378 1172 κατ’
1396 1124 1562 1189 ἐξοχὴν
1588 1137 1705 1179 sidus

313 1209 536 1252 caniculae
555 1218 726 1249 vocant.
778 1207 882 1246 Non
902 1208 962 1245 ita
979 1206 1142 1246 Latini.
1193 1206 1502 1249 Archilochus:

639 1283 705 1326 Τὸ
746 1282 831 1342 γὰρ
872 1278 1003 1340 ἅςρον
1042 1283 1370 1342 περιτέλλεται.

311 1373 381 1412 Sic
412 1370 640 1411 Salmasius
668 1367 854 1406 Plinian.
882 1365 1063 1405 Exercit.
1091 1365 1147 1405 ad
1172 1367 1371 1408 Solinum
1403 1381 1446 1419 p.
1471 1367 1561 1418 416.
1597 1367 1640 1407 b.
1671 1383 1708 1411 c.

311 1445 399 1485 Sed
434 1456 530 1485 non
555 1450 672 1481 recte
699 1438 849 1479 tribuit
875 1437 984 1478 haec
1005 1439 1233 1480 Salmasius
1259 1437 1549 1488 Archilocho,
1592 1454 1705 1494 quae

310 1519 461 1559 Alcaei
498 1523 624 1562 sunt,
660 1522 709 1552 ut
742 1511 993 1551 Athenaeus
1031 1521 1212 1552 testatur
1247 1513 1294 1552 L.
1317 1513 1351 1552 Ι.
1396 1526 1439 1565 p.
1469 1526 1531 1552 22.
1566 1514 1614 1552 E.
1660 1515 1703 1554 F.

310 1590 423 1649 Φησὶ
465 1588 510 1632 δὲ
550 1584 624 1630 καὶ
666 1583 875 1636 ’Δλκαῖος
911 1583 933 1627 ὁ
972 1583 1279 1640 Μιτυληναῖος
1315 1583 1518 1641 ποιητής·
1586 1583 1704 1641 Οἴνῳ

309 1667 535 1725 πνεύμονα
554 1665 714 1721 τέγγε·
743 1661 938 1721 τὸγὰρ
978 1658 1146 1720 ἅςρον
1175 1660 1614 1733 περιτέλλεται.
1643 1659 1707 1720 ἥδ’

308 1745 399 1803 ‘39²7
422 1742 633 1801 Zakfim'j·
663 1741 812 1786 πάντα
842 1739 886 1783 δὲ
915 1740 1031 1798 διψᾷ
1061 1736 1144 1784 ὑπὸ
1175 1736 1414 1798 καύματος.
1455 1741 1530 1783 καὶ
1563 1739 1705 1784 ἄλλα·

309 1822 425 1881 χοῦ·
475 1821 707 1878 Πίνωμεν,
737 1818 789 1862 τὸ
812 1817 898 1876 γὰρ
929 1813 1060 1877 ἆ’ςρον
1092 1819 1419 1879 περιτέλλεται.
1476 1824 1586 1865 Item
1608 1825 1706 1864 Ma-

310 1900 430 1942 crob.
450 1898 664 1941 saturnal.
684 1897 730 1938 L.
752 1909 790 1949 7.
812 1910 848 1937 c.
867 1901 928 1942 15.

852 2147 1156 2192 eLxxan
1176 2204 1181 2209 Ι

407 2246 669 2285 Trimetrum
693 2255 838 2285 autem
865 2244 1144 2298 (iambicum)
1175 2243 1482 2286 Archilochum
1508 2243 1701 2284 reddidit

306 2319 542 2366 illustrem,
590 2322 710 2358 cuius
747 2328 881 2359 exstat
915 2319 990 2359 ille
1028 2328 1116 2358 tam
1150 2321 1288 2359 suavIs
1323 2331 1454 2370 quam
1490 2330 1700 2370 operosus

306 2391 562 2446 quadratus:

335 2465 475 2521 Δέξαι
503 2485 559 2528 με
589 2469 883 2528 κωμάζοντα,
914 2462 1060 2520 δέξαι·
1096 2465 1308 2524 λίσσομαί
1341 2481 1412 2516 σε,
1445 2467 1669 2525 λίσσομαι.

305 2552 498 2605 Scaliger
519 2551 682 2590 Poetic.
709 2565 751 2602 p.
773 2557 858 2597 135.
894 2549 982 2590 Sed
1007 2549 1172 2589 fallitur
1199 2552 1326 2588 etiam
1347 2550 1550 2604 Scaliger.
1588 2550 1697 2590 Nam

306 2636 350 2664 et
384 2624 455 2663 hic
487 2637 633 2664 versus
668 2622 819 2663 Alcaei
855 2632 942 2671 est,
990 2631 1173 2661 testante
1209 2622 1537 2675 Hephaestione
1571 2637 1615 2676 p.
1637 2624 1696 2664 16.

303 2697 593 2756 Τετράμετρα
631 2695 700 2746 δὲ,
741 2692 833 2742 οἷον
861 2695 915 2741 τὸ
943 2694 1025 2740 τοῦ
1057 2693 1293 2740 ’Δλκαίοψ
1338 2689 1480 2748 Δέξαι
1516 2711 1575 2753 με
1614 2711 1699 2740 κω·

302 2773 505 2834 μαζοντα
534 2791 576 2819 κ.
598 2768 706 2819 τζλ.
