1846 3308
807 301 873 308 ..-.
949 281 1044 329 128
1113 287 1180 310 -x-

307 426 434 460 vero,
483 424 611 464 quam
658 409 894 466 Hesychius
943 409 1026 450 alia
1061 411 1200 450 forma
1227 404 1530 460 Νεοβοὺλειαν
1555 421 1696 456 vocat,

305 487 456 539 fragm.
497 489 590 534 145,
628 482 715 522 filia
742 482 1010 538 Lycambae,
1049 494 1189 523 amata
1228 488 1416 536 primum
1447 498 1470 522 a
1497 495 1627 537 poeta
1657 494 1700 523 et

307 561 496 597 carmine
517 555 755 604 celebrata,
786 566 834 594 ut
854 566 1058 608 apparet:
1096 557 1257 596 deinde
1276 571 1402 605 vero,
1433 557 1593 597 violata
1617 571 1700 597 nu-

306 634 494 683 ptiarum
514 628 624 676 fide,
655 638 776 668 tanto
809 628 1004 668 acerbius
1029 632 1075 668 in
1105 643 1198 669 eam
1217 630 1370 670 iambis
1401 633 1593 670 invectus
1623 640 1698 670 est.

307 704 376 744 Ad
395 706 487 743 eius
512 701 688 751 Laudem
712 704 840 741 etiam
861 701 924 741 Cl.
948 701 1239 742 Hemsterhus.
1262 713 1457 755 spectare
1482 713 1606 754 putat
1626 703 1700 742 illa

278 788 282 792 “
306 783 488 821 Luciani
515 782 562 818 in
584 778 730 817 Amor.
758 792 800 830 p.
828 792 936 817 1021.
965 775 1045 832 τὴν
1078 777 1230 834 φωνὴν
1261 776 1294 818 δ’
1325 772 1418 820 ἶσον
1450 775 1700 832 Λυκάμβου

305 853 500 911 θυγατρὶ
529 849 694 895 λεπτὸν
729 847 978 907 ἂφηδὺνων.

917 1077 1086 1121 XLIV.

310 1160 477 1221 Αὐτὸς
513 1153 761 1228 ἐξάρχων
797 1160 925 1232 πρὸς
962 1160 1122 1211 αὐλὸν
1161 1161 1379 1223 Λέσβιον
1415 1161 1647 1223 παιήονα.

310 1319 553 1369 Lesbium
584 1334 770 1381 paeana
807 1335 920 1366 sum
953 1319 1060 1382 ipse
1093 1320 1383 1382 praecinens
1420 1321 1482 1368 ad
1515 1320 1703 1368 tibiam.

411 1473 660 1515 Athenaeus
680 1473 727 1511 L.
744 1473 816 1511 IV.
839 1487 880 1525 p.
900 1480 983 1519 180.
1005 1474 1051 1512 E.
1072 1473 1148 1514 ubi
1167 1474 1456 1515 Aristarchum
1477 1478 1704 1527 vituperat,

314 1553 436 1606 quod
481 1547 537 1596 εἰς
585 1546 665 1601 τὴν
713 1550 982 1602 γαμοποιΐαν
1026 1553 1145 1604 apud
1188 1553 1440 1592 Menelaum
1494 1551 1705 1606 quosdam

312 1639 457 1666 versus
497 1638 549 1663 ex
585 1637 801 1662 armorum
841 1623 1131 1677 descriptione
1167 1630 1374 1674 inseruit,
1417 1639 1601 1679 quorum
1639 1623 1706 1662 ul-

315 1706 408 1743 timi
435 1711 557 1741 sunt:
595 1721 650 1728 —
680 1720 736 1728 —
763 1695 868 1738 Δὺω
898 1696 942 1738 δὲ
971 1698 1245 1758 κυβιςητῆρε
1265 1704 1363 1742 κατ’
1393 1693 1554 1747 αὐτους
1581 1694 1706 1739 Μολ-

314 1777 395 1830 πῆς
436 1768 702 1831 ἐξάρχοντες
742 1773 924 1818 ἐδίνευον
965 1776 1083 1818 κατὰ
1114 1777 1312 1834 μέσσους.
1343 1802 1396 1810 --
1421 1781 1556 1821 Addit
1584 1779 1707 1818 dein-

316 1871 440 1909 ceps:
479 1845 530 1895 οὗ
573 1848 659 1907 ’γὰρ
699 1845 967 1909 ἐξάοχοντες
1006 1855 1045 1897 οἱ
1085 1855 1393 1913 κυβιςητῆρες,
1443 1852 1548 1896 ἀλλ’
1586 1846 1707 1909 {2659-

315 1945 479 1986 ’χοντος
508 1928 620 1984 ῷδοῢ
652 1929 826 1978 πάντως
855 1929 1102 1989 ὠρχοῦντο.
1133 1933 1183 1975 τὸ
1214 1933 1258 1974 δὲ
1289 1927 1494 1988 ἐξάρχειν
1518 1930 1707 1988 φόρμιγ-

316 2023 391 2064 ’γος
421 2005 548 2051 ἴδιον·
599 2006 743 2066 διόπερ
782 2007 803 2050 ὁ
844 2010 922 2063 μὲν
950 2008 1147 2059 Ἡσίοδός
1184 2011 1319 2065 ῷησιν
1348 2010 1390 2052 ἐν
1420 2013 1473 2066 τῆ
1513 2008 1707 2051 Ἀσπίδι·

316 2085 422 2128 Θεαὶ
463 2085 497 2127 δ’
528 2079 731 2145 ,ἐξῆρχον
770 2084 939 2142 ἀοιδῆς,
980 2088 1159 2131 Μοῦσαι
1190 2087 1391 2145 Πιερίδες.
1450 2084 1525 2128 καὶ
1561 2085 1706 2143 Ἀρχί-

317 2161 482 2218 λοχος·
523 2157 663 2213 Αὐτὸς
693 2157 900 2222 ἐξάρχων
930 2180 971 2206 κ.
1001 2181 1041 2207 τ.
1072 2164 1114 2207 λ.

428 2240 673 2292 Λέσβιον
710 2245 891 2286 dubium
920 2257 986 2286 est
1019 2246 1356 2287 referendumne
1384 2248 1437 2286 sit
1468 2245 1523 2285 ad
1551 2236 1705 2288 αὖλὸν,

320 2333 375 2361 an
402 2321 458 2360 ad
484 2317 686 2373 παιήονα.

934 2528 1079 2571 XLV.

457 2638 522 2646 -
557 2637 625 2648 --
659 2638 724 2647 —
759 2613 894 2669 Mnss'
928 2612 956 2662 ὁ
995 2614 1271 2663 Ταντάλου
1307 2615 1453 2675 λίθος

456 2699 599 2763 Τῆςὸ’
637 2699 763 2773 ὑπὲρ
801 2701 958 2762 νήσου
995 2704 1300 2776 κρεμάσθω.
1336 2734 1403 2743 --
1432 2734 1497 2744 -
1532 2734 1600 2746 -
