1846 3308
361 377 415 421 d)
449 377 657 423 Diogen.
692 377 851 414 Laert.
883 378 929 413 L.
950 377 1019 412 IX.
1048 388 1078 414 c.
1101 388 1133 412 1.
1165 374 1216 409 in
1248 375 1490 410 Heraclit.
1525 376 1596 412 Τόν
1617 392 1657 414 τε

262 444 428 495 ’Ὅμηρον
461 444 618 490 ἔφασκεν
643 443 740 486 ἄξιον
765 442 851 481 εἶναι
876 444 915 481 ἐν.
936 448 1006 481 τῶν
1032 443 1179 492 ἀγώνων
1204 443 1446 491 ἐκβάλλεσθαι
1471 444 1528 480 καὶ
1555 445 1657 495 ῥαπί-

270 516 417 562 ζεσθαι,
444 514 503 550 καὶ
523 513 751 562 Ἀρχίλοχον
776 513 915 559 ὁμοίως.

840 713 883 777 ξ.
921 718 1094 763 xvtn.

367 813 650 855 Archilochus
681 816 728 852 in
754 811 873 852 bello
907 811 1113 850 occubuit
1122 813 1191 863 ,a)
1234 811 1355 864 quod
1385 818 1482 849 cuin
1511 810 1659 848 Naxiis

271 899 438 944 gestum
471 901 562 926 esse
592 885 831 936 videmnb)
890 884 977 924 Sed
1005 887 1052 924 in
1083 885 1204 938 quod
1230 894 1398 937 tempus
1425 896 1540 922 mors
1569 884 1660 920 eius

269 961 497 1008 inciderit,
528 970 644 999 certo
667 958 837 998 definiri
854 971 945 997 non
963 967 1118 1009 potest.
1170 958 1293 997 Pone
1311 967 1477 1005 autem,
1510 956 1661 996 Archi-

269 1033 462 1081 lochum,
497 1032 599 1071 dum
619 1035 666 1071 in
684 1031 873 1070 Thasum
893 1030 1131 1083 emigrabat
1151 1030 1320 1084 Olymp.
1341 1030 1498 1077 XVIII,
1528 1030 1659 1068 fuisse

272 1107 597 1147 adolescentem
623 1107 774 1158 viginti
798 1114 840 1142 et
864 1103 1032 1156 aliquot
1054 1115 1269 1142 annorum
1289 1111 1332 1140 et
1350 1104 1500 1141 vixisse
1521 1115 1661 1153 usque

272 1181 328 1220 ad
348 1180 521 1233 Olymp.
539 1178 709 1225 XXIX,
747 1180 860 1215 intra
886 1190 1049 1215 annum
1077 1177 1388 1228 sexagesimum
1418 1185 1461 1213 et
1487 1185 1663 1226 septua-

271 1256 482 1307 gesimum
502 1252 557 1290 de
584 1254 669 1289 vita
699 1250 943 1289 decesserit.
959 1250 1000 1302 c)
1066 1248 1192 1300 Quae
1214 1246 1391 1299 quidem
1410 1257 1525 1285 aetas
1552 1245 1663 1285 nihil

272 1325 404 1365 habet
425 1340 447 1364 a
466 1324 551 1363 fide
573 1323 786 1374 alienum;
814 1335 964 1361 verum
993 1335 1090 1361 cum
1104 1319 1387 1361 Archilochus
1409 1319 1527 1359 bello
1547 1332 1663 1358 mor-

271 1409 359 1437 tem
384 1398 566 1444 obierit,
601 1405 835 1448 provectae
864 1404 1009 1434 autem
1041 1396 1190 1433 aetatis
1212 1392 1410 1433 homines
1438 1407 1462 1431 a
1479 1406 1662 1431 munere

270 1470 431 1509 bellico
455 1472 668 1525 immunes
687 1468 887 1509 fiuerint:
924 1467 1183 1508 sumendum
1210 1475 1344 1514 esset,
1383 1479 1483 1504 eum
1513 1465 1583 1504 vel
1614 1467 1663 1505 in.

273 1546 596 1598 expugnatione
615 1541 759 1590 urbis,
797 1541 866 1581 vel
896 1540 1037 1580 subita
1065 1542 1316 1579 incursione
1336 1538 1526 1578 hostium
1547 1540 1662 1576 occi-

272 1622 409 1667 disse,
460 1621 530 1660 vel
562 1623 689 1659 etiam
723 1628 908 1674 urgente
940 1620 1198 1658 necessitate
1233 1618 1410 1655 civitatis
1447 1607 1661 1668 πανδημεὶ

274 1696 448 1732 exivisse
471 1693 534 1744 (ut
552 1693 670 1744 apud
691 1702 855 1731 veteres
877 1690 971 1733 fieri
991 1691 1197 1742 solitum),
1225 1702 1336 1743 quae
1358 1699 1401 1728 et
1421 1692 1599 1727 iuvenes
1620 1696 1664 1726 et

272 1780 397 1805 senes
434 1768 482 1804 in
522 1779 640 1806 arma
673 1765 926 1817 vocabat.d)
996 1765 1255 1804 Interfector
1290 1765 1380 1802 eius
1411 1759 1661 1807 Callondas,

273 1852 434 1891 genere
465 1839 648 1887 Naxius,
687 1841 949 1891 cognomine
983 1834 1147 1886 Corax,
1185 1835 1447 1884 vocabatur,
1486 1843 1535 1872 ut
1562 1831 1664 1871 Plu·

273 1911 443 1951 tarchus
494 1913 639 1951 refert.
655 1914 695 1964 e)
781 1911 972 1951 Eusebio
1025 1921 1171 1950 tamen
1218 1907 1394 1948 Archias
1438 1903 1661 1955 dicimus)

273 1985 414 2036 Quem
450 1985 632 2033 deinde,
675 1999 772 2023 cum
802 1984 997 2036 Delphos
1034 1987 1202 2023 veniret
1241 1981 1464 2022 oraculum
1492 1976 1666 2034 consul-j

270 2067 416 2103 turus,
465 2057 618 2112 Pythia
660 2061 896 2111 increpuit,
944 2057 1198 2111 temploque
1244 2053 1392 2108 egredi
1433 2053 1556 2091 iussit
1598 2049 1662 2088 his

269 2130 431 2171 verbis:

390 2202 617 2247 Μουσάων
636 2203 890 2262 θεράποντα
911 2203 1198 2251 κατέκτανες·
1227 2193 1342 2250 ἔξιθι
1365 2196 1480 2253 νηοῦ.
1495 2202 1538 2252 g)

270 2280 359 2318 Sed
377 2294 474 2319 usus
498 2281 655 2321 deinde
675 2281 874 2334 precibus
895 2290 938 2320 et
966 2282 1266 2324 excusatione,
1295 2276 1342 2315 id
1359 2279 1454 2314 iure
1476 2273 1580 2313 belli
1599 2273 1663 2312 fa-

274 2363 388 2392 ctum
411 2367 524 2400 esse,
553 2357 688 2392 iussus
710 2363 773 2392 est
794 2352 847 2391 ab
877 2352 1054 2397 oraculo
1078 2351 1132 2391 ad
1149 2351 1462 2389 habitationem
1480 2347 1661 2399 Tettigis

271 2439 318 2465 se
341 2426 562 2473 conferre,
598 2425 750 2478 ibique
782 2428 968 2464 animam
991 2423 1239 2464 Archilochi
1265 2420 1514 2474 placare.h)
1578 2419 1663 2458 Hic

272 2508 417 2537 autem
443 2498 564 2537 locus
597 2507 687 2536 erat
716 2498 964 2545 Taenarus,
1002 2511 1089 2550 quo
1114 2498 1256 2535 Tettix
1279 2495 1494 2534 Cretensis
1526 2506 1662 2547 appu-

269 2572 368 2611 lisse
396 2572 532 2611 Fertur
557 2585 654 2609 cum
685 2570 842 2618 classe,
871 2584 920 2608 ac
940 2570 1048 2610 urbe
1075 2569 1273 2617 condita,
1304 2566 1519 2606 habitasse
1540 2577 1661 2617 pone

268 2642 675 2697 Psychopompeum
701 2645 787 2681 sive
815 2642 961 2681 locum
986 2645 1136 2680 animis
1167 2640 1465 2680 demulcendis
1492 2649 1535 2678 et
1562 2651 1662 2677 evo-

270 2717 417 2756 candis
451 2731 630 2756 sacrum.
701 2714 986 2767 Sepulchrum
1014 2713 1263 2754 Archilochi
1299 2714 1354 2752 ad
1381 2713 1497 2751 littus
1534 2713 1661 2749 maris

267 2794 458 2838 positum
480 2790 611 2828 fulssc
632 2793 677 2828 in
701 2792 1006 2841 epigrammate
1025 2787 1316 2841 Anthologiae
1336 2785 1620 2834 indicatur.i)
