1846 3308
691 328 1031 369 ,77-

159 444 304 488 ,ἑηιιθκ
327 456 546 492 rosarum,
591 445 784 495 exponit.
846 443 1036 482 Primum
1062 457 1231 483 versum
1265 444 1397 486 habet
1426 450 1557 487 etiam

158 522 301 576 Etym.
327 522 390 561 M.
419 519 602 560 alterum
625 518 889 559 Athenaeus.
958 519 1074 559 Illud
1101 535 1140 560 v.
1177 516 1345 560 θάλλω
1382 544 1437 552 -
1480 521 1556 564 καὶ

160 592 344 638 ,θαλλὸν
376 591 499 650 λέγει
537 591 616 636 τὸν
652 591 845 648 ςέφιινον
873 592 952 635 τὸν
988 595 1066 649 τῆς
1093 592 1265 644 ἐλαίὰς,
1317 595 1442 638 ἀλλὰ
1481 596 1557 641 καὶ

161 673 276 725 πᾶν,
324 668 354 716 ὃ
389 667 572 716 θάλλει.
625 668 928 727 ’Δρχίλοχος·
974 667 1185 728 Ἔχουσα
1222 675 1271 715 ,9.
1300 689 1347 729 μ.
1378 668 1443 717 ἐτζ
1478 680 1558 721 ubi

159 753 275 794 male
301 748 479 809 μυρίνης
500 755 719 805 scriptum.
746 751 957 794 Athenae.
982 755 1030 792 L.
1047 753 1099 792 ΙΙ.
1126 768 1169 806 p.
1185 758 1248 798 52.
1271 754 1316 793 F.
1368 751 1556 807 Πάμφι-

163 825 243 877 λος
273 826 354 884 μὲν
378 820 499 876 ἀξιοῖ
528 824 596 868 ἐπὶ
631 825 712 869 τοῦ
737 826 908 884 καρποῦ
934 825 1140 884 βαρύνειν
1170 824 1327 884 ὁμοίως
1353 829 1424 883 τῷ
1446 829 1558 885 ἀμυ-

162 903 341 962 γδάλῳ·
370 902 423 947 τὸ
444 901 597 960 μέντοι
618 901 788 961 δένδρον
811 903 938 947 ,θέλει
956 904 1186 962 περισπᾷν,
1217 904 1456 963 ἀμυγδαλῆ
1480 907 1555 950 καὶ

160 980 275 1042 ῥοδῆ.
305 979 380 1024 καὶ
407 980 684 1039 ’Δρχίλοχος
711 986 846 1036 (male
874 987 976 1026 alias
1001 980 1293 1039 ’Δντίλοχος)
1327 1008 1385 1016 —
1409 984 1558 1042 Ῥοδῆς

158 1076 211 1103 τε
226 1058 367 1102 καλὸν
386 1056 534 1110 ἄνθος.
550 1064 681 1102 Unde
691 1062 882 1102 Eustath.
895 1064 1048 1117 Odyss.
1066 1076 1114 1100 ω.
1130 1064 1181 1102 Τ.
1193 1064 1266 1103 ΙΠ.
1285 1078 1331 1116 p.
1347 1066 1458 1118 1963,
1479 1072 1553 1119 49:

160 1134 283 1183 οὕτω
312 1138 357 1180 δέ
388 1139 502 1192 φασι
540 1135 615 1180 καὶ
645 1136 746 1195 ῥοδῆ
777 1137 1113 1195 περισπωμένως
1143 1143 1245 1196 παρ’
1271 1137 1554 1198 ’Δρχιλόχᾳη

159 1217 263 1276 παρ’
293 1209 333 1273 ᾦ
360 1217 504 1260 κεῖται
534 1213 610 1259 καὶ
639 1215 715 1258 τό·
753 1214 876 1274 ῥοδῆς
905 1213 1047 1257 καλὸν
1077 1211 1224 1267 ἄνθος.

250 1338 508 1398 Ἔχουσα
545 1335 775 1382 θαλλὸν
814 1334 1101 1395 μυῤῥίνης.
1162 1341 1299 1381 Poeta
1332 1341 1458 1397 loqui
1494 1347 1557 1384 vi-

162 1420 290 1459 detur
317 1419 373 1458 de
400 1415 558 1458 fronde
585 1426 771 1470 myrtea,
809 1429 920 1467 quae
956 1414 1085 1453 finitis
1114 1414 1381 1454 Graecorum
1409 1421 1555 1456 convi-

129 1535 136 1542 ,
161 1496 238 1532 viis
267 1492 440 1539 adferri,
480 1490 690 1542 alterique
718 1488 828 1527 tradi
856 1487 911 1527 ab
940 1488 1075 1527 altero
1103 1486 1286 1535 solebat,
1322 1492 1381 1528 ita
1405 1499 1454 1528 ut
1479 1493 1555 1542 qui

162 1579 259 1604 earn
286 1568 525 1615 acciperet,
553 1562 723 1616 scolion
746 1575 902 1600 canere
931 1560 1124 1599 deberet.
1178 1560 1247 1599 De
1272 1558 1353 1598 hac
1379 1561 1553 1609 fronde,

162 1657 278 1697 quae
305 1635 485 1689 αἴσακος
511 1641 751 1688 dicebatur,
781 1649 824 1678 et
849 1639 904 1678 de
929 1637 1014 1678 hoc
1029 1652 1152 1677 more
1172 1637 1346 1677 alternis
1368 1638 1555 1677 canendi

161 1731 263 1774 post
289 1723 529 1760 convivium
556 1719 641 1758 vid.
671 1716 932 1772 Hesychium
958 1730 999 1755 v.
1025 1709 1228 1770 μυῤῥίνης
1248 1708 1411 1759 κλάδος
1435 1709 1462 1767 ἧ
1486 1710 1555 1752 δά·

164 1794 278 1851 (9⁹²)ae'
305 1808 347 1837 et
372 1812 408 1837 v.
437 1790 627 1844 αἷσακος.
674 1800 778 1835 item
804 1795 942 1848 Etym.
969 1795 1031 1832 M.
1062 1793 1157 1831 ead.
1194 1806 1309 1831 voce.
1339 1793 1554 1833 Plutarch.

163 1879 358 1932 Sympos.
395 1877 443 1914 L.
467 1875 507 1913 -1.
539 1873 683 1926 probl.
707 1868 748 1910 ά.
785 1871 959 1911 Scholia
992 1874 1038 1910 in
1066 1871 1235 1910 Platon.
1264 1869 1471 1922 Gorgiam
1508 1873 1555 1909 in

161 1949 378 1991 Anecdot.
408 1948 562 1986 Graec.
589 1945 900 1985 Siebenkeesii.
962 1944 1123 1983 Verum
1162 1957 1258 1982 cum
1296 1941 1366 1979 hic
1401 1942 1455 1979 de
1491 1942 1556 1980 fe-

162 2028 281 2063 mina
308 2035 449 2061 sermo
478 2022 554 2068 sit,
592 2029 635 2058 et
662 2021 864 2057 conviviis
892 2016 1158 2055 Graecorum
1187 2015 1388 2052 mulieres
1418 2013 1557 2052 hone-

162 2106 254 2136 stae
280 2109 374 2134 non
401 2092 733 2139 adhiberentur,
769 2093 976 2142 suspicari
1001 2088 1127 2132 licet,
1158 2086 1265 2125 haec
1291 2087 1471 2133 fortasse
1500 2087 1554 2125 de

161 2166 366 2208 Neobule
394 2180 417 2204 a
443 2175 576 2218 poeta
604 2165 715 2212 dici,
753 2166 822 2202 cui
848 2163 1069 2201 infamiam
1098 2161 1340 2214 adspergit,
1378 2173 1471 2198 eam
1507 2170 1557 2199 ut

163 2242 370 2281 feminam
394 2242 652 2291 prostitutae
678 2236 914 2290 pudicitiae
941 2237 987 2272 in
1015 2237 1219 2273 conviviis
1246 2237 1435 2272 virorum
1462 2246 1557 2271 ver·

164 2316 272 2361 sari,
316 2326 414 2351 cum
450 2315 500 2351 iis
536 2320 796 2364 perpotare,
846 2319 889 2348 et
931 2316 1104 2346 cantare
1147 2306 1314 2353 solere,
1364 2310 1475 2344 sicut
1514 2315 1557 2344 et

166 2396 294 2425 antea
332 2386 482 2438 fragm.
511 2385 549 2425 5.
590 2383 944 2423 contumeliosius
983 2380 1038 2419 de
1081 2393 1133 2419 ea
1172 2379 1323 2418 dixisse
1361 2378 1554 2418 videtur:

165 2450 316 2517 Οῧπερ
344 2457 448 2516 πρὸς
479 2454 619 2501 αὐλὸν
656 2473 696 2499 κ.
731 2472 773 2499 τ.
804 2453 849 2497 λ.

256 2573 569 2628 Ἐτὲρπετο.
606 2576 817 2616 Observat
834 2573 1003 2622 Iacobs,
1026 2587 1050 2612 a
1069 2569 1363 2622 Moschopulo
1387 2579 1427 2608 et
1447 2567 1557 2607 Pha-

168 2659 319 2695 vorino
346 2659 391 2694 in
418 2650 541 2710 ῥόδον
566 2656 655 2708 legi
684 2650 916 2705 ἐφείπετο,
944 2662 986 2691 et
1011 2649 1314 2690 Philemonem
1340 2650 1386 2685 in
1412 2647 1554 2684 Lexic.

167 2727 310 2768 techn.
351 2729 475 2783 ‘apud
506 2729 672 2768 Villois.
713 2728 769 2767 ad
802 2726 1007 2779 Apollon.
1044 2724 1143 2762 Lex.
1180 2722 1356 2760 Homer.
1397 2733 1438 2771 p.
1466 2723 1555 2768 704.

105 2859 107 2861 q
167 2802 352 2842 eandem
379 2801 613 2840 lectionem
639 2804 775 2853 sequi.
