1846 3308
826 255 1200 303 *253—

860 382 1164 431 CLXXVIII.

418 479 506 522 Καὶ
536 479 715 536 ὀπήτιον
744 477 910 539 εἴρηται
940 481 983 524 ἐν
1015 481 1298 540 Νικοχάρους
1324 483 1463 542 Κρησὶ
1492 484 1582 539 τοῖς
1611 501 1710 543 τρυ-

319 558 470 609 πάνοις
499 556 769 606 ἀντίπαλον,
810 555 916 616 ὅπερ
942 555 1279 617 Ἀρχιλόχειον.

418 640 574 681 Pollux
598 640 646 679 L.
669 640 724 678 X.
754 653 789 679 c.
809 646 872 686 51.
901 650 1004 679 sect.
1032 645 1117 692 14¹·
1145 641 1222 680 ubi
1249 651 1396 682 tamen
1422 645 1470 682 in
1496 643 1601 684 Mss.
1628 657 1710 684 vox

317 721 470 761 ultima
494 711 774 771 Ἀγχίλειον,
838 710 1100 775 Ἀ’γχίλιονῖ,
1156 714 1413 774 Ἀρχίλιον,
1467 714 1710 774 ’Δγχίλεον

317 799 538 845 scribitur,
565 795 685 834 unde
710 788 1028 848 Ἀρχιλόχειον
1057 795 1219 834 editum
1249 806 1334 842 est:
1362 810 1418 836 an
1443 808 1584 846 recte,
1614 801 1708 851 quis

321 871 546 913 adfirmare
582 867 719 906 ausit?
762 867 920 906 Sensus
957 880 1060 907 vero
1101 881 1151 907 ex
1179 867 1416 918 hocloco,
1465 884 1595 923 quem
1633 873 1711 910 viri

321 946 440 985 docti
465 941 665 982 mutilum
687 952 778 979 esse
798 943 1116 991 pronunciant,
1146 938 1215 979 hic
1235 941 1453 993 prodiret:
1471 943 1534 982 Et
1553 927 1727 984 subula

319 1021 434 1060 dicta
469 1025 533 1055 est
575 1017 622 1052 in
657 1010 909 1052 Nicocharis
947 1012 1223 1052 Cretensibus
1261 1018 1469 1055 contraria
1511 1015 1707 1064 terebris,

319 1093 404 1141 vel,
431 1100 479 1129 ut
499 1083 869 1132 Hemsterhusius,
900 1085 1093 1138 aequalis
1123 1095 1166 1124 et
1194 1086 1429 1126 earundem
1456 1091 1632 1136 virium,
1663 1088 1708 1127 id

321 1164 443 1220 quod
470 1161 524 1202 ab
551 1157 814 1200 Archilocho
841 1167 1094 1210 usurpatum
1124 1157 1191 1197 vel
1216 1161 1400 1210 petitum
1427 1170 1502 1200 est.

883 1395 1141 1439 CLXXIX.

417 1493 694 1557 Ἀρχίλοχος
734 1492 778 1534 δὲ
818 1487 982 1549 ἄμωτα
1021 1490 1155 1533 καλεῖ
1192 1492 1251 1535 τὰ
1294 1490 1513 1545 καςάνεια.
1573 1497 1708 1538 Athe·

315 1595 452 1626 :naeus
477 1581 525 1619 L.
546 1577 598 1617 II.
626 1589 670 1628 p.
689 1578 750 1626 54.
779 1574 835 1612 D.
862 1573 941 1613 ubi
966 1587 1069 1614 vero
1095 1568 1340 1626 Ἀγέλοχος
1367 1573 1547 1628 legitur,
1587 1579 1706 1617 cuius

314 1660 504 1702 nominis
534 1663 685 1695 auctor
709 1659 839 1690 notus
867 1662 960 1689 non
988 1660 1064 1690 est.
1118 1651 1233 1691 Hinc
1257 1645 1532 1705 Ἀρχίλοχος
1555 1652 1709 1706 legen-

316 1734 422 1773 dum
449 1741 541 1770 esse
575 1725 750 1771 iudico,
798 1725 918 1762 cuius
953 1725 1039 1762 iam
1065 1737 1193 1775 supra
1222 1725 1462 1776 fragmenta
1490 1726 1706 1778 quaedam

316 1805 523 1849 aderant,
577 1802 626 1838 in
662 1795 819 1850 quibus
863 1796 1083 1835 fructuum
1119 1795 1320 1835 arborum
1356 1797 1425 1836 vel
1459 1811 1704 1851 pomorum,

311 1877 404 1922 τῶν
438 1869 740 1930 κοκκυμήλων
771 1867 845 1912 καὶ
872 1868 963 1912 τῶν
992 1863 1095 1917 ἔων,
1123 1873 1274 1927 fragm.
1298 1879 1386 1924 150,
1416 1876 1500 1917 160.
1518 1880 1706 1918 mentio-

310 1968 415 1996 nem
439 1953 559 1993 fecit.

891 2185 1127 2230 CLXXX.

410 2286 603 2334 Βλαῖσος
631 2283 674 2327 ἐν
701 2280 987 2339 Μεσοτρίβᾳ,
1019 2277 1093 2323 καὶ
1122 2278 1398 2338 Ἀρχίλοχος
1419 2280 1462 2325 ἐν
1483 2279 1703 2338 Τηλέφῳ,-

308 2367 495 2410 Ῥίνθωυ
524 2379 574 2405 τε
605 2360 646 2404 ὲν
675 2358 1011 2417 Ἀμφιτρύωνι,
1059 2355 1133 2399 καὶ
1162 2355 1372 2415 Ῥωμαῖοι
1403 2357 1447 2401 δὲ
1475 2360 1595 2402 πᾶνα
1625 2360 1702 2404 τὸν

310 2441 446 2502 ἄρτον
474 2438 678 2485 καλοῦσι.

413 2529 625 2570 Athenae.
645 2526 693 2565 L.
704 2525 777 2564 111.
798 2538 842 2576 p.
856 2537 939 2563 111.
963 2523 1010 2563 C.
1063 2520 1275 2570 „Titulus
1295 2517 1337 2560 ἐν
1358 2517 1571 2576 Τηλέφῳ
1587 2526 1703 2565 indi..

312 2613 382 2642 cat
404 2612 579 2642 carmen
600 2599 898 2645 dramaticum,
926 2598 1071 2649 inquit
1089 2594 1153 2634 Cl.
1179 2595 1398 2635 Harlesius
1425 2601 1471 2636 in
1494 2598 1700 2639 Biblioth.

312 2675 466 2714 Graec.
502 2673 554 2712 T.
581 2672 634 2712 11.
668 2684 713 2724 p.
743 2681 829 2721 109.
864 2677 957 2707 not.
984 2679 1082 2722 yyy.
1110 2676 1306 2719 tempore
1333 2668 1581 2710 Archilochi
1607 2685 1701 2713 non

309 2750 408 2788 satis
444 2748 668 2801 cognitum
696 2752 740 2785 et
764 2750 1033 2794 usurpatum.
1101 2741 1232 2782 Sevin
1265 2756 1312 2795 p.
1342 2748 1407 2789 52·
1442 2747 1707 2796 suspicatur,
