<?xml version="1.0" encoding="UTF-8"?>
<!DOCTYPE html PUBLIC "-//W3C//DTD XHTML 1.0 Transitional//EN"
    "http://www.w3.org/TR/xhtml1/DTD/xhtml1-transitional.dtd">
<html xmlns="http://www.w3.org/1999/xhtml" xml:lang="en" lang="en">
 <head>
  <title>
</title>
<meta http-equiv="Content-Type" content="text/html;charset=utf-8" />
  <meta name='ocr-system' content='tesseract 3.04.00' />
  <meta name='ocr-capabilities' content='ocr_page ocr_carea ocr_par ocr_line ocrx_word'/>
</head>
<body>
  <div class='ocr_page' id='page_1' title='image "./iambographorumpr00archuoft_0271.png"; bbox 0 0 1846 3308; ppageno 0'>
   <div class='ocr_carea' id='block_1_1' title="bbox 644 292 1017 342">
    <p class='ocr_par' dir='ltr' id='par_1_1' title="bbox 644 292 1017 342">
     <span class='ocr_line' id='line_1_1' title="bbox 644 292 1017 342; baseline -0.003 -19"><span class='ocrx_word' id='word_1_1' title='bbox 644 292 1017 342; x_wconf 66' lang='lat'><strong><em>-245-</em></strong></span> 
     </span>
    </p>
   </div>
   <div class='ocr_carea' id='block_1_2' title="bbox 128 413 1520 940">
    <p class='ocr_par' dir='ltr' id='par_1_2' title="bbox 128 413 1520 940">
     <span class='ocr_line' id='line_1_2' title="bbox 131 413 1518 478; baseline 0.001 -16"><span class='ocrx_word' id='word_1_2' title='bbox 131 423 258 476; x_wconf 73' lang='lat' dir='ltr'><strong>(mal.</strong></span> <span class='ocrx_word' id='word_1_3' title='bbox 287 419 505 477; x_wconf 74' lang='grc' dir='ltr'><strong><em>κηροπλ.)</em></strong></span> <span class='ocrx_word' id='word_1_4' title='bbox 539 417 823 475; x_wconf 86' lang='grc' dir='ltr'><strong><em>Φιλόκοσμον</em></strong></span> <span class='ocrx_word' id='word_1_5' title='bbox 861 413 970 461; x_wconf 77' lang='grc' dir='ltr'><strong><em>εἶναι</em></strong></span> <span class='ocrx_word' id='word_1_6' title='bbox 1006 418 1102 478; x_wconf 73' lang='grc' dir='ltr'><strong><em>περὶ</em></strong></span> <span class='ocrx_word' id='word_1_7' title='bbox 1145 419 1227 472; x_wconf 71' lang='grc' dir='ltr'><strong><em>τὴν</em></strong></span> <span class='ocrx_word' id='word_1_8' title='bbox 1263 420 1405 477; x_wconf 88' lang='grc' dir='ltr'><strong><em>κόμην</em></strong></span> <span class='ocrx_word' id='word_1_9' title='bbox 1444 419 1518 463; x_wconf 80' lang='grc' dir='ltr'><strong><em>καὶ</em></strong></span> 
     </span>
     <span class='ocr_line' id='line_1_3' title="bbox 131 491 1516 556; baseline 0.001 -17"><span class='ocrx_word' id='word_1_10' title='bbox 131 496 435 552; x_wconf 76' lang='grc' dir='ltr'><strong><em>καλλωπιςὴν.</em></strong></span> <span class='ocrx_word' id='word_1_11' title='bbox 489 499 673 556; x_wconf 86' lang='lat' dir='ltr'>Hesych.</span> <span class='ocrx_word' id='word_1_12' title='bbox 711 495 862 552; x_wconf 81' lang='grc' dir='ltr'><strong><em>κέρας·</em></strong></span> <span class='ocrx_word' id='word_1_13' title='bbox 907 494 1115 552; x_wconf 73' lang='grc' dir='ltr'><strong><em>κεφαλὴ,</em></strong></span> <span class='ocrx_word' id='word_1_14' title='bbox 1161 491 1267 552; x_wconf 72' lang='grc' dir='ltr'><strong><em>θρὶξ</em></strong></span> <span class='ocrx_word' id='word_1_15' title='bbox 1306 513 1348 540; x_wconf 87' lang='grc' dir='ltr'><strong><em>κ.</em></strong></span> <span class='ocrx_word' id='word_1_16' title='bbox 1388 513 1431 540; x_wconf 87' lang='grc' dir='ltr'><strong><em>τ.</em></strong></span> <span class='ocrx_word' id='word_1_17' title='bbox 1471 496 1516 540; x_wconf 89' lang='grc' dir='ltr'><strong><em>λ.</em></strong></span> 
     </span>
     <span class='ocr_line' id='line_1_4' title="bbox 131 569 1520 632; baseline -0.001 -13"><span class='ocrx_word' id='word_1_18' title='bbox 131 588 174 619; x_wconf 91' lang='lat' dir='ltr'><strong><em>et</em></strong></span> <span class='ocrx_word' id='word_1_19' title='bbox 193 592 231 619; x_wconf 85' lang='lat' dir='ltr'><strong><em>v.</em></strong></span> <span class='ocrx_word' id='word_1_20' title='bbox 258 573 552 632; x_wconf 76' lang='grc' dir='ltr'><strong><em>κεροπλάςης·</em></strong></span> <span class='ocrx_word' id='word_1_21' title='bbox 581 571 854 630; x_wconf 76' lang='grc' dir='ltr'><strong><em>λεπτουργὸς</em></strong></span> <span class='ocrx_word' id='word_1_22' title='bbox 873 569 902 628; x_wconf 73' lang='grc' dir='ltr'><em>ἢ</em></span> <span class='ocrx_word' id='word_1_23' title='bbox 919 573 1291 630; x_wconf 79' lang='grc' dir='ltr'><strong><em>τριχοκοσμήτης,</em></strong></span> <span class='ocrx_word' id='word_1_24' title='bbox 1319 579 1376 618; x_wconf 86' lang='lat' dir='ltr'><strong><em>ad</em></strong></span> <span class='ocrx_word' id='word_1_25' title='bbox 1396 579 1520 632; x_wconf 88' lang='lat' dir='ltr'>quod</span> 
     </span>
     <span class='ocr_line' id='line_1_5' title="bbox 132 651 1515 709; baseline 0.001 -16"><span class='ocrx_word' id='word_1_26' title='bbox 132 657 287 693; x_wconf 77' lang='lat' dir='ltr'>citatur</span> <span class='ocrx_word' id='word_1_27' title='bbox 315 653 369 693; x_wconf 89' lang='lat' dir='ltr'><strong><em>ab</em></strong></span> <span class='ocrx_word' id='word_1_28' title='bbox 397 657 586 705; x_wconf 81' lang='lat' dir='ltr'><strong>interpp.</strong></span> <span class='ocrx_word' id='word_1_29' title='bbox 614 652 768 692; x_wconf 84' lang='lat' dir='ltr'>Pollux</span> <span class='ocrx_word' id='word_1_30' title='bbox 801 653 849 691; x_wconf 92' lang='lat' dir='ltr'><strong><em>L.</em></strong></span> <span class='ocrx_word' id='word_1_31' title='bbox 875 652 929 696; x_wconf 85' lang='lat' dir='ltr'><strong><em>IL</em></strong></span> <span class='ocrx_word' id='word_1_32' title='bbox 960 667 996 693; x_wconf 91' lang='lat' dir='ltr'><strong><em>c.</em></strong></span> <span class='ocrx_word' id='word_1_33' title='bbox 1030 661 1094 700; x_wconf 80' lang='lat'><strong><em>31.</em></strong></span> <span class='ocrx_word' id='word_1_34' title='bbox 1126 651 1183 692; x_wconf 85' lang='grc' dir='ltr'><strong><em>Οἱ</em></strong></span> <span class='ocrx_word' id='word_1_35' title='bbox 1225 651 1269 693; x_wconf 78' lang='grc' dir='ltr'><strong><em>δὲ</em></strong></span> <span class='ocrx_word' id='word_1_36' title='bbox 1296 652 1392 709; x_wconf 80' lang='grc' dir='ltr'><strong><em>περὶ</em></strong></span> <span class='ocrx_word' id='word_1_37' title='bbox 1435 653 1515 708; x_wconf 70' lang='grc' dir='ltr'><strong><em>τὴν</em></strong></span> 
     </span>
     <span class='ocr_line' id='line_1_6' title="bbox 130 725 1518 785; baseline 0.002 -17"><span class='ocrx_word' id='word_1_38' title='bbox 130 726 273 784; x_wconf 83' lang='grc' dir='ltr'><strong><em>κόμην</em></strong></span> <span class='ocrx_word' id='word_1_39' title='bbox 301 725 590 784; x_wconf 78' lang='grc' dir='ltr'><strong><em>χειροτέχναι</em></strong></span> <span class='ocrx_word' id='word_1_40' title='bbox 619 727 871 782; x_wconf 81' lang='grc' dir='ltr'><strong><em>κομμῶται.</em></strong></span> <span class='ocrx_word' id='word_1_41' title='bbox 908 751 962 759; x_wconf 93' lang='grc'>-</span> <span class='ocrx_word' id='word_1_42' title='bbox 999 727 1040 770; x_wconf 86' lang='grc' dir='ltr'><strong><em>οἱ</em></strong></span> <span class='ocrx_word' id='word_1_43' title='bbox 1068 726 1113 770; x_wconf 81' lang='grc' dir='ltr'><strong><em>δὲ</em></strong></span> <span class='ocrx_word' id='word_1_44' title='bbox 1138 728 1213 771; x_wconf 79' lang='grc' dir='ltr'><strong><em>καὶ</em></strong></span> <span class='ocrx_word' id='word_1_45' title='bbox 1243 728 1518 785; x_wconf 78' lang='grc' dir='ltr'><strong><em>κεροπλὰςας</em></strong></span> 
     </span>
     <span class='ocr_line' id='line_1_7' title="bbox 128 797 1512 863; baseline 0.002 -17"><span class='ocrx_word' id='word_1_46' title='bbox 128 797 291 854; x_wconf 79' lang='grc' dir='ltr'><strong><em>αὖτοὺς</em></strong></span> <span class='ocrx_word' id='word_1_47' title='bbox 319 801 532 851; x_wconf 79' lang='grc' dir='ltr'>ἐκάλουν,</span> <span class='ocrx_word' id='word_1_48' title='bbox 572 800 643 846; x_wconf 81' lang='grc' dir='ltr'><strong><em>ὅτι</em></strong></span> <span class='ocrx_word' id='word_1_49' title='bbox 674 804 801 861; x_wconf 78' lang='grc' dir='ltr'><strong><em>κέρας</em></strong></span> <span class='ocrx_word' id='word_1_50' title='bbox 828 801 852 860; x_wconf 76' lang='grc' dir='ltr'>ἣ</span> <span class='ocrx_word' id='word_1_51' title='bbox 880 806 1011 860; x_wconf 88' lang='grc' dir='ltr'><strong><em>κόμη.</em></strong></span> <span class='ocrx_word' id='word_1_52' title='bbox 1062 808 1162 848; x_wconf 87' lang='lat' dir='ltr'><strong><em>Vid.</em></strong></span> <span class='ocrx_word' id='word_1_53' title='bbox 1188 808 1373 863; x_wconf 82' lang='lat' dir='ltr'><strong>Etymol.</strong></span> <span class='ocrx_word' id='word_1_54' title='bbox 1397 811 1457 849; x_wconf 92' lang='grc' dir='ltr'><strong><em>Μ.</em></strong></span> <span class='ocrx_word' id='word_1_55' title='bbox 1476 825 1512 849; x_wconf 86' lang='lat' dir='ltr'><strong><em>v.</em></strong></span> 
     </span>
     <span class='ocr_line' id='line_1_8' title="bbox 130 881 725 940; baseline 0 -16"><span class='ocrx_word' id='word_1_56' title='bbox 130 881 367 939; x_wconf 76' lang='grc' dir='ltr'><strong><em>κόρσοιφος</em></strong></span> <span class='ocrx_word' id='word_1_57' title='bbox 392 895 437 924; x_wconf 84' lang='lat' dir='ltr'><strong><em>et</em></strong></span> <span class='ocrx_word' id='word_1_58' title='bbox 461 885 614 940; x_wconf 84' lang='lat' dir='ltr'>fragm.</span> <span class='ocrx_word' id='word_1_59' title='bbox 638 899 725 925; x_wconf 81' lang='lat'><strong>120.</strong></span> 
     </span>
    </p>
   </div>
   <div class='ocr_carea' id='block_1_3' title="bbox 711 1135 926 1179">
    <p class='ocr_par' dir='ltr' id='par_1_3' title="bbox 711 1135 926 1179">
     <span class='ocr_line' id='line_1_9' title="bbox 711 1135 926 1179; baseline -0.005 0"><span class='ocrx_word' id='word_1_60' title='bbox 711 1135 926 1179; x_wconf 84' lang='lat' dir='ltr'><strong>CXLIX.</strong></span> 
     </span>
    </p>
   </div>
   <div class='ocr_carea' id='block_1_4' title="bbox 119 1230 1512 1924">
    <p class='ocr_par' dir='ltr' id='par_1_4' title="bbox 661 1230 974 1303">
     <span class='ocr_line' id='line_1_10' title="bbox 661 1230 974 1303; baseline 0.003 -23"><span class='ocrx_word' id='word_1_61' title='bbox 661 1230 974 1303; x_wconf 49' lang='grc' dir='ltr'><strong><em>Κηρύλοφ</em></strong></span> 
     </span>
    </p>

    <p class='ocr_par' dir='ltr' id='par_1_5' title="bbox 119 1315 1512 1924">
     <span class='ocr_line' id='line_1_11' title="bbox 223 1315 1512 1377; baseline -0.001 -9"><span class='ocrx_word' id='word_1_62' title='bbox 223 1329 393 1369; x_wconf 83' lang='lat' dir='ltr'>Aelian.</span> <span class='ocrx_word' id='word_1_63' title='bbox 420 1325 528 1366; x_wconf 85' lang='lat' dir='ltr'><strong>Hist.</strong></span> <span class='ocrx_word' id='word_1_64' title='bbox 557 1325 742 1365; x_wconf 84' lang='lat' dir='ltr'><strong>Animal.</strong></span> <span class='ocrx_word' id='word_1_65' title='bbox 782 1327 830 1364; x_wconf 89' lang='lat' dir='ltr'><strong><em>L.</em></strong></span> <span class='ocrx_word' id='word_1_66' title='bbox 859 1324 954 1364; x_wconf 83' lang='lat' dir='ltr'><strong>XII.</strong></span> <span class='ocrx_word' id='word_1_67' title='bbox 1000 1315 1037 1363; x_wconf 74' lang='lat' dir='ltr'><strong><em>c.</em></strong></span> <span class='ocrx_word' id='word_1_68' title='bbox 1064 1336 1103 1376; x_wconf 87' lang='lat'><strong><em>9.</em></strong></span> <span class='ocrx_word' id='word_1_69' title='bbox 1137 1324 1193 1364; x_wconf 90' lang='lat' dir='ltr'><strong><em>de</em></strong></span> <span class='ocrx_word' id='word_1_70' title='bbox 1221 1319 1397 1377; x_wconf 74' lang='grc' dir='ltr'><strong><em>κίγκλῳ</em></strong></span> <span class='ocrx_word' id='word_1_71' title='bbox 1423 1330 1512 1366; x_wconf 84' lang='lat' dir='ltr'>sive</span> 
     </span>
     <span class='ocr_line' id='line_1_12' title="bbox 124 1393 1512 1459; baseline -0.004 -11"><span class='ocrx_word' id='word_1_72' title='bbox 124 1405 344 1448; x_wconf 80' lang='lat' dir='ltr'>motacilla</span> <span class='ocrx_word' id='word_1_73' title='bbox 364 1404 574 1456; x_wconf 87' lang='lat' dir='ltr'>loquens:</span> <span class='ocrx_word' id='word_1_74' title='bbox 609 1399 735 1441; x_wconf 78' lang='grc' dir='ltr'><strong><em>Κινεῖ</em></strong></span> <span class='ocrx_word' id='word_1_75' title='bbox 757 1397 802 1441; x_wconf 78' lang='grc' dir='ltr'><strong><em>δὲ</em></strong></span> <span class='ocrx_word' id='word_1_76' title='bbox 821 1396 897 1440; x_wconf 77' lang='grc' dir='ltr'><strong><em>καὶ</em></strong></span> <span class='ocrx_word' id='word_1_77' title='bbox 914 1399 973 1441; x_wconf 80' lang='grc' dir='ltr'><strong><em>τὰ</em></strong></span> <span class='ocrx_word' id='word_1_78' title='bbox 991 1393 1148 1456; x_wconf 82' lang='grc' dir='ltr'><strong><em>οὖραῖα</em></strong></span> <span class='ocrx_word' id='word_1_79' title='bbox 1169 1399 1336 1456; x_wconf 77' lang='grc' dir='ltr'><strong><em>πτερὰ,</em></strong></span> <span class='ocrx_word' id='word_1_80' title='bbox 1366 1396 1512 1459; x_wconf 68' lang='grc' dir='ltr'>ὥσπερ</span> 
     </span>
     <span class='ocr_line' id='line_1_13' title="bbox 123 1473 1511 1535; baseline -0.002 -11"><span class='ocrx_word' id='word_1_81' title='bbox 123 1473 204 1525; x_wconf 70' lang='grc' dir='ltr'><strong><em>οὖν</em></strong></span> <span class='ocrx_word' id='word_1_82' title='bbox 233 1478 257 1522; x_wconf 82' lang='grc' dir='ltr'><strong><em>ὁ</em></strong></span> <span class='ocrx_word' id='word_1_83' title='bbox 284 1477 406 1534; x_wconf 80' lang='grc' dir='ltr'><strong><em>παρὰ</em></strong></span> <span class='ocrx_word' id='word_1_84' title='bbox 431 1474 698 1534; x_wconf 66' lang='grc' dir='ltr'><strong><em>’Δρχιλόχςυ</em></strong></span> <span class='ocrx_word' id='word_1_85' title='bbox 728 1475 928 1535; x_wconf 73' lang='grc' dir='ltr'><strong><em>κηρύλος.</em></strong></span> <span class='ocrx_word' id='word_1_86' title='bbox 979 1481 1231 1533; x_wconf 83' lang='lat' dir='ltr'>Apostolius</span> <span class='ocrx_word' id='word_1_87' title='bbox 1259 1482 1307 1520; x_wconf 89' lang='lat' dir='ltr'><strong><em>C.</em></strong></span> <span class='ocrx_word' id='word_1_88' title='bbox 1330 1482 1418 1530; x_wconf 85' lang='lat' dir='ltr'><strong><em>XI,</em></strong></span> <span class='ocrx_word' id='word_1_89' title='bbox 1446 1486 1511 1533; x_wconf 75' lang='grc'><strong><em>44.</em></strong></span> 
     </span>
     <span class='ocr_line' id='line_1_14' title="bbox 122 1552 1512 1616; baseline -0.003 -15"><span class='ocrx_word' id='word_1_90' title='bbox 122 1559 358 1616; x_wconf 82' lang='lat' dir='ltr'>proverbio</span> <span class='ocrx_word' id='word_1_91' title='bbox 379 1552 585 1610; x_wconf 77' lang='grc' dir='ltr'><strong><em>Κίγκλου</em></strong></span> <span class='ocrx_word' id='word_1_92' title='bbox 615 1553 834 1611; x_wconf 80' lang='grc' dir='ltr'><strong><em>πενέςερος</em></strong></span> <span class='ocrx_word' id='word_1_93' title='bbox 857 1557 966 1597; x_wconf 86' lang='lat' dir='ltr'>haec</span> <span class='ocrx_word' id='word_1_94' title='bbox 991 1561 1229 1610; x_wconf 84' lang='lat' dir='ltr'>exscripsit,</span> <span class='ocrx_word' id='word_1_95' title='bbox 1254 1566 1305 1595; x_wconf 88' lang='lat' dir='ltr'><strong><em>ut</em></strong></span> <span class='ocrx_word' id='word_1_96' title='bbox 1331 1567 1376 1596; x_wconf 86' lang='lat' dir='ltr'><strong><em>et</em></strong></span> <span class='ocrx_word' id='word_1_97' title='bbox 1400 1556 1512 1606; x_wconf 73' lang='lat' dir='ltr'><strong>Pha·</strong></span> 
     </span>
     <span class='ocr_line' id='line_1_15' title="bbox 122 1632 1509 1691; baseline -0.003 -12"><span class='ocrx_word' id='word_1_98' title='bbox 122 1642 261 1679; x_wconf 83' lang='lat' dir='ltr'>vorin.</span> <span class='ocrx_word' id='word_1_99' title='bbox 291 1652 327 1678; x_wconf 87' lang='lat' dir='ltr'><strong><em>v.</em></strong></span> <span class='ocrx_word' id='word_1_100' title='bbox 356 1632 554 1688; x_wconf 78' lang='grc' dir='ltr'><strong><em>κίγκλος.</em></strong></span> <span class='ocrx_word' id='word_1_101' title='bbox 614 1638 684 1676; x_wconf 88' lang='lat' dir='ltr'><strong><em>De</em></strong></span> <span class='ocrx_word' id='word_1_102' title='bbox 719 1633 864 1691; x_wconf 76' lang='lat' dir='ltr'>cei-ylo</span> <span class='ocrx_word' id='word_1_103' title='bbox 898 1636 1143 1690; x_wconf 88' lang='lat' dir='ltr'><strong>Antigonus</strong></span> <span class='ocrx_word' id='word_1_104' title='bbox 1181 1636 1343 1688; x_wconf 77' lang='lat' dir='ltr'><strong><em>Caryst.</em></strong></span> <span class='ocrx_word' id='word_1_105' title='bbox 1381 1649 1417 1674; x_wconf 90' lang='lat' dir='ltr'><strong><em>c.</em></strong></span> <span class='ocrx_word' id='word_1_106' title='bbox 1445 1649 1509 1687; x_wconf 88' lang='lat'><strong><em>27.</em></strong></span> 
     </span>
     <span class='ocr_line' id='line_1_16' title="bbox 121 1706 1508 1767; baseline -0.004 -11"><span class='ocrx_word' id='word_1_107' title='bbox 121 1714 226 1756; x_wconf 80' lang='grc' dir='ltr'><strong><em>Τῶν</em></strong></span> <span class='ocrx_word' id='word_1_108' title='bbox 254 1712 300 1755; x_wconf 80' lang='grc' dir='ltr'><strong><em>δὲ</em></strong></span> <span class='ocrx_word' id='word_1_109' title='bbox 323 1711 555 1754; x_wconf 73' lang='grc' dir='ltr'><strong><em>ἀλκυόνων</em></strong></span> <span class='ocrx_word' id='word_1_110' title='bbox 586 1711 626 1754; x_wconf 85' lang='grc' dir='ltr'><strong><em>οἱ</em></strong></span> <span class='ocrx_word' id='word_1_111' title='bbox 654 1706 827 1767; x_wconf 70' lang='grc' dir='ltr'><strong><em>ἄρσενες</em></strong></span> <span class='ocrx_word' id='word_1_112' title='bbox 851 1708 1037 1767; x_wconf 78' lang='grc' dir='ltr'><strong><em>κηρύλοι</em></strong></span> <span class='ocrx_word' id='word_1_113' title='bbox 1068 1708 1327 1753; x_wconf 78' lang='grc' dir='ltr'><strong><em>καλοῦνται.</em></strong></span> <span class='ocrx_word' id='word_1_114' title='bbox 1357 1706 1424 1752; x_wconf 76' lang='grc' dir='ltr'><strong><em>ὅτ’</em></strong></span> <span class='ocrx_word' id='word_1_115' title='bbox 1452 1707 1508 1751; x_wconf 71' lang='grc' dir='ltr'><strong><em>ἂν</em></strong></span> 
     </span>
     <span class='ocr_line' id='line_1_17' title="bbox 122 1784 1509 1846; baseline -0.004 -10"><span class='ocrx_word' id='word_1_116' title='bbox 122 1784 207 1837; x_wconf 70' lang='grc' dir='ltr'><strong><em>οὖν</em></strong></span> <span class='ocrx_word' id='word_1_117' title='bbox 233 1786 317 1834; x_wconf 79' lang='grc' dir='ltr'><strong><em>ὑπὸ</em></strong></span> <span class='ocrx_word' id='word_1_118' title='bbox 358 1789 501 1846; x_wconf 75' lang='grc' dir='ltr'><strong><em>γήρως</em></strong></span> <span class='ocrx_word' id='word_1_119' title='bbox 539 1787 835 1837; x_wconf 69' lang='grc' dir='ltr'><strong><em>ἀσθενήσωσι,</em></strong></span> <span class='ocrx_word' id='word_1_120' title='bbox 879 1785 953 1829; x_wconf 76' lang='grc' dir='ltr'><strong><em>καὶ</em></strong></span> <span class='ocrx_word' id='word_1_121' title='bbox 989 1786 1148 1844; x_wconf 81' lang='grc' dir='ltr'><strong><em>μηκέτι</em></strong></span> <span class='ocrx_word' id='word_1_122' title='bbox 1186 1786 1399 1831; x_wconf 79' lang='grc' dir='ltr'><strong><em>δύνωνται</em></strong></span> <span class='ocrx_word' id='word_1_123' title='bbox 1435 1786 1509 1831; x_wconf 73' lang='grc' dir='ltr'><strong><em>’ή-</em></strong></span> 
     </span>
     <span class='ocr_line' id='line_1_18' title="bbox 119 1864 1508 1924; baseline -0.004 -12"><span class='ocrx_word' id='word_1_124' title='bbox 119 1871 305 1915; x_wconf 72' lang='grc' dir='ltr'><strong><em>τεσθαι.</em></strong></span> <span class='ocrx_word' id='word_1_125' title='bbox 362 1865 572 1924; x_wconf 81' lang='grc' dir='ltr'><strong><em>φέρουσιν</em></strong></span> <span class='ocrx_word' id='word_1_126' title='bbox 611 1864 748 1909; x_wconf 79' lang='grc' dir='ltr'><strong><em>αὐτὸν</em></strong></span> <span class='ocrx_word' id='word_1_127' title='bbox 792 1865 837 1907; x_wconf 82' lang='grc' dir='ltr'><strong><em>αἱ</em></strong></span> <span class='ocrx_word' id='word_1_128' title='bbox 876 1864 1056 1920; x_wconf 65' lang='grc' dir='ltr'><strong><em>θήλειαι</em></strong></span> <span class='ocrx_word' id='word_1_129' title='bbox 1092 1864 1165 1908; x_wconf 79' lang='grc' dir='ltr'><strong><em>ἐπὶ</em></strong></span> <span class='ocrx_word' id='word_1_130' title='bbox 1205 1865 1296 1908; x_wconf 80' lang='grc' dir='ltr'><strong><em>τῶν</em></strong></span> <span class='ocrx_word' id='word_1_131' title='bbox 1334 1865 1508 1924; x_wconf 74' lang='grc' dir='ltr'><strong><em>πτερῶν</em></strong></span> 
     </span>
    </p>
   </div>
   <div class='ocr_carea' id='block_1_5' title="bbox 121 1942 1586 1999">
    <p class='ocr_par' dir='ltr' id='par_1_6' title="bbox 121 1942 1586 1999">
     <span class='ocr_line' id='line_1_19' title="bbox 121 1942 1586 1999; baseline -0.002 -10"><span class='ocrx_word' id='word_1_132' title='bbox 121 1945 348 1999; x_wconf 80' lang='grc' dir='ltr'><strong><em>λαβοῦσαι</em></strong></span> <span class='ocrx_word' id='word_1_133' title='bbox 376 1959 418 1986; x_wconf 86' lang='grc' dir='ltr'><strong><em>κ.</em></strong></span> <span class='ocrx_word' id='word_1_134' title='bbox 439 1960 482 1986; x_wconf 90' lang='grc' dir='ltr'><strong><em>τ.</em></strong></span> <span class='ocrx_word' id='word_1_135' title='bbox 503 1942 548 1986; x_wconf 92' lang='grc' dir='ltr'><strong><em>λ.</em></strong></span> <span class='ocrx_word' id='word_1_136' title='bbox 599 1948 714 1987; x_wconf 86' lang='lat' dir='ltr'>Vide</span> <span class='ocrx_word' id='word_1_137' title='bbox 733 1947 839 1987; x_wconf 89' lang='lat' dir='ltr'>ibid.</span> <span class='ocrx_word' id='word_1_138' title='bbox 860 1946 1131 1987; x_wconf 84' lang='lat' dir='ltr'><strong>adnotation.</strong></span> <span class='ocrx_word' id='word_1_139' title='bbox 1151 1947 1203 1986; x_wconf 89' lang='lat' dir='ltr'><strong><em>cl.</em></strong></span> <span class='ocrx_word' id='word_1_140' title='bbox 1223 1946 1507 1995; x_wconf 85' lang='lat' dir='ltr'>Beckmanni,</span> <span class='ocrx_word' id='word_1_141' title='bbox 1582 1960 1586 1962; x_wconf 88' lang='lat'>·</span> 
     </span>
    </p>
   </div>
   <div class='ocr_carea' id='block_1_6' title="bbox 104 2011 1508 2829">
    <p class='ocr_par' dir='ltr' id='par_1_7' title="bbox 104 2011 1508 2829">
     <span class='ocr_line' id='line_1_20' title="bbox 120 2011 1507 2076; baseline -0.003 -15"><span class='ocrx_word' id='word_1_142' title='bbox 120 2026 200 2076; x_wconf 78' lang='lat' dir='ltr'><strong><em>qui</em></strong></span> <span class='ocrx_word' id='word_1_143' title='bbox 214 2021 403 2075; x_wconf 79' lang='lat' dir='ltr'>cerylum</span> <span class='ocrx_word' id='word_1_144' title='bbox 418 2020 670 2060; x_wconf 84' lang='lat' dir='ltr'>alcedonem</span> <span class='ocrx_word' id='word_1_145' title='bbox 683 2019 911 2072; x_wconf 85' lang='lat' dir='ltr'>hispidam,</span> <span class='ocrx_word' id='word_1_146' title='bbox 932 2019 1165 2071; x_wconf 50' lang='lat' dir='ltr'><strong><em>Eisvogelj</em></strong></span> <span class='ocrx_word' id='word_1_147' title='bbox 1175 2011 1507 2072; x_wconf 55' lang='lat' dir='ltr'><strong><em>Kffniggfisclcer,</em></strong></span> 
     </span>
     <span class='ocr_line' id='line_1_21' title="bbox 122 2090 1508 2147; baseline -0.004 -13"><span class='ocrx_word' id='word_1_148' title='bbox 122 2108 214 2135; x_wconf 77' lang='lat' dir='ltr'>esse</span> <span class='ocrx_word' id='word_1_149' title='bbox 232 2103 370 2147; x_wconf 86' lang='lat' dir='ltr'><strong>putat.</strong></span> <span class='ocrx_word' id='word_1_150' title='bbox 389 2093 454 2132; x_wconf 84' lang='lat' dir='ltr'><strong><em>Cf.</em></strong></span> <span class='ocrx_word' id='word_1_151' title='bbox 476 2103 519 2132; x_wconf 89' lang='lat' dir='ltr'><strong><em>et</em></strong></span> <span class='ocrx_word' id='word_1_152' title='bbox 536 2093 704 2133; x_wconf 83' lang='lat' dir='ltr'>Aelian.</span> <span class='ocrx_word' id='word_1_153' title='bbox 723 2093 778 2132; x_wconf 83' lang='lat' dir='ltr'><strong><em>H.</em></strong></span> <span class='ocrx_word' id='word_1_154' title='bbox 799 2093 850 2131; x_wconf 82' lang='lat' dir='ltr'><strong><em>A.</em></strong></span> <span class='ocrx_word' id='word_1_155' title='bbox 869 2092 918 2131; x_wconf 91' lang='lat' dir='ltr'><strong><em>L.</em></strong></span> <span class='ocrx_word' id='word_1_156' title='bbox 931 2091 1026 2139; x_wconf 85' lang='lat' dir='ltr'>VII,</span> <span class='ocrx_word' id='word_1_157' title='bbox 1047 2105 1105 2131; x_wconf 86' lang='lat'><strong><em>12.</em></strong></span> <span class='ocrx_word' id='word_1_158' title='bbox 1144 2090 1508 2146; x_wconf 79' lang='lat' dir='ltr'><strong>Mosch..1dyll.5.</strong></span> 
     </span>
     <span class='ocr_line' id='line_1_22' title="bbox 104 2148 1503 2224; baseline -0.004 -13"><span class='ocrx_word' id='word_1_159' title='bbox 104 2177 243 2224; x_wconf 79' lang='lat' dir='ltr'><strong>·v.42.</strong></span> <span class='ocrx_word' id='word_1_160' title='bbox 276 2162 393 2209; x_wconf 75' lang='grc' dir='ltr'>Οὐδὲ</span> <span class='ocrx_word' id='word_1_161' title='bbox 430 2166 560 2208; x_wconf 83' lang='grc' dir='ltr'><strong><em>τόσον</em></strong></span> <span class='ocrx_word' id='word_1_162' title='bbox 601 2164 819 2222; x_wconf 73' lang='grc' dir='ltr'><strong><em>γλαὺκοῖς</em></strong></span> <span class='ocrx_word' id='word_1_163' title='bbox 857 2162 917 2208; x_wconf 78' lang='grc' dir='ltr'><strong><em>ἐνὶ</em></strong></span> <span class='ocrx_word' id='word_1_164' title='bbox 953 2148 1119 2220; x_wconf 72' lang='grc' dir='ltr'><strong><em>κὺμαοι</em></strong></span> <span class='ocrx_word' id='word_1_165' title='bbox 1159 2162 1347 2221; x_wconf 78' lang='grc' dir='ltr'><strong><em>κηρύλος</em></strong></span> <span class='ocrx_word' id='word_1_166' title='bbox 1389 2154 1503 2220; x_wconf 71' lang='grc' dir='ltr'><strong><em>ᾇδεν.</em></strong></span> 
     </span>
     <span class='ocr_line' id='line_1_23' title="bbox 119 2242 1503 2301; baseline -0.004 -12"><span class='ocrx_word' id='word_1_167' title='bbox 119 2249 329 2289; x_wconf 78' lang='lat' dir='ltr'>scribitur</span> <span class='ocrx_word' id='word_1_168' title='bbox 347 2249 476 2286; x_wconf 82' lang='lat' dir='ltr'>etiam</span> <span class='ocrx_word' id='word_1_169' title='bbox 497 2242 710 2301; x_wconf 80' lang='grc' dir='ltr'><strong><em>κείρυλος,</em></strong></span> <span class='ocrx_word' id='word_1_170' title='bbox 733 2249 968 2300; x_wconf 85' lang='lat' dir='ltr'>praecipue</span> <span class='ocrx_word' id='word_1_171' title='bbox 990 2244 1044 2284; x_wconf 84' lang='lat' dir='ltr'><strong><em>ab</em></strong></span> <span class='ocrx_word' id='word_1_172' title='bbox 1061 2244 1225 2284; x_wconf 84' lang='lat' dir='ltr'><strong><em>Atticis.</em></strong></span> <span class='ocrx_word' id='word_1_173' title='bbox 1277 2243 1503 2285; x_wconf 85' lang='lat' dir='ltr'>Scholiast.</span> 
     </span>
     <span class='ocr_line' id='line_1_24' title="bbox 118 2314 1506 2378; baseline -0.004 -12"><span class='ocrx_word' id='word_1_174' title='bbox 118 2324 394 2378; x_wconf 83' lang='lat' dir='ltr'>Aristophan.</span> <span class='ocrx_word' id='word_1_175' title='bbox 423 2324 479 2363; x_wconf 87' lang='lat' dir='ltr'><strong><em>ad</em></strong></span> <span class='ocrx_word' id='word_1_176' title='bbox 502 2319 617 2378; x_wconf 80' lang='grc' dir='ltr'><strong><em>Ὀρν.</em></strong></span> <span class='ocrx_word' id='word_1_177' title='bbox 647 2340 686 2365; x_wconf 92' lang='lat' dir='ltr'><strong><em>v.</em></strong></span> <span class='ocrx_word' id='word_1_178' title='bbox 706 2334 744 2373; x_wconf 81' lang='lat'><strong><em>3.</em></strong></span> <span class='ocrx_word' id='word_1_179' title='bbox 778 2314 1026 2377; x_wconf 78' lang='grc' dir='ltr'><strong><em>Εὗφρόνιός</em></strong></span> <span class='ocrx_word' id='word_1_180' title='bbox 1054 2318 1166 2373; x_wconf 85' lang='grc' dir='ltr'><strong><em>φησι</em></strong></span> <span class='ocrx_word' id='word_1_181' title='bbox 1194 2316 1297 2368; x_wconf 80' lang='grc' dir='ltr'><strong><em>τοὺς</em></strong></span> <span class='ocrx_word' id='word_1_182' title='bbox 1325 2319 1506 2376; x_wconf 77' lang='grc' dir='ltr'><strong><em>Δωριεῖς</em></strong></span> 
     </span>
     <span class='ocr_line' id='line_1_25' title="bbox 119 2392 1506 2455; baseline -0.002 -14"><span class='ocrx_word' id='word_1_183' title='bbox 119 2398 290 2455; x_wconf 80' lang='grc' dir='ltr'><strong><em>λέγειν·</em></strong></span> <span class='ocrx_word' id='word_1_184' title='bbox 327 2396 449 2450; x_wconf 79' lang='grc' dir='ltr'><strong><em>βαλὲ</em></strong></span> <span class='ocrx_word' id='word_1_185' title='bbox 480 2397 554 2454; x_wconf 77' lang='grc' dir='ltr'><strong><em>δη,</em></strong></span> <span class='ocrx_word' id='word_1_186' title='bbox 602 2398 746 2451; x_wconf 79' lang='grc' dir='ltr'><strong><em>βαλὲ,</em></strong></span> <span class='ocrx_word' id='word_1_187' title='bbox 786 2394 975 2455; x_wconf 77' lang='grc' dir='ltr'><strong><em>κηρύλος</em></strong></span> <span class='ocrx_word' id='word_1_188' title='bbox 1005 2392 1116 2451; x_wconf 80' lang='grc' dir='ltr'><strong><em>εἴην·</em></strong></span> <span class='ocrx_word' id='word_1_189' title='bbox 1162 2393 1265 2445; x_wconf 79' lang='grc' dir='ltr'><strong><em>τοὺς</em></strong></span> <span class='ocrx_word' id='word_1_190' title='bbox 1293 2394 1338 2438; x_wconf 78' lang='grc' dir='ltr'><strong><em>δὲ</em></strong></span> <span class='ocrx_word' id='word_1_191' title='bbox 1364 2398 1506 2439; x_wconf 84' lang='grc' dir='ltr'><strong><em>’Δττι-</em></strong></span> 
     </span>
     <span class='ocr_line' id='line_1_26' title="bbox 119 2468 1506 2533; baseline -0.003 -14"><span class='ocrx_word' id='word_1_192' title='bbox 119 2474 223 2526; x_wconf 50' lang='lat' dir='ltr'><strong><em>noim</em></strong></span> <span class='ocrx_word' id='word_1_193' title='bbox 261 2472 477 2532; x_wconf 81' lang='grc' dir='ltr'><strong><em>κείρυλον.</em></strong></span> <span class='ocrx_word' id='word_1_194' title='bbox 518 2477 629 2533; x_wconf 80' lang='grc' dir='ltr'><strong><em>φησὶ</em></strong></span> <span class='ocrx_word' id='word_1_195' title='bbox 669 2475 714 2519; x_wconf 78' lang='grc' dir='ltr'><strong><em>δὲ</em></strong></span> <span class='ocrx_word' id='word_1_196' title='bbox 740 2475 932 2532; x_wconf 80' lang='grc' dir='ltr'><strong><em>Δίδυμος</em></strong></span> <span class='ocrx_word' id='word_1_197' title='bbox 969 2471 1021 2516; x_wconf 85' lang='grc' dir='ltr'><strong><em>τὸ</em></strong></span> <span class='ocrx_word' id='word_1_198' title='bbox 1051 2472 1170 2516; x_wconf 82' lang='grc' dir='ltr'><strong><em>κατὰ</em></strong></span> <span class='ocrx_word' id='word_1_199' title='bbox 1197 2470 1334 2528; x_wconf 79' lang='grc' dir='ltr'><strong><em>φύσιν</em></strong></span> <span class='ocrx_word' id='word_1_200' title='bbox 1362 2468 1506 2530; x_wconf 77' lang='grc' dir='ltr'><strong><em>ὄνομα</em></strong></span> 
     </span>
     <span class='ocr_line' id='line_1_27' title="bbox 119 2550 1506 2610; baseline -0.002 -13"><span class='ocrx_word' id='word_1_201' title='bbox 119 2551 320 2610; x_wconf 80' lang='grc' dir='ltr'><strong><em>κείρυλος</em></strong></span> <span class='ocrx_word' id='word_1_202' title='bbox 356 2550 586 2608; x_wconf 71' lang='grc' dir='ltr'><strong><em>λέγεσθαι.</em></strong></span> <span class='ocrx_word' id='word_1_203' title='bbox 654 2556 862 2597; x_wconf 84' lang='lat' dir='ltr'><strong>Fabulam</strong></span> <span class='ocrx_word' id='word_1_204' title='bbox 894 2555 951 2594; x_wconf 84' lang='lat' dir='ltr'><strong><em>de</em></strong></span> <span class='ocrx_word' id='word_1_205' title='bbox 982 2555 1124 2610; x_wconf 79' lang='lat' dir='ltr'>Ceyce</span> <span class='ocrx_word' id='word_1_206' title='bbox 1159 2556 1208 2594; x_wconf 85' lang='lat' dir='ltr'><strong><em>in</em></strong></span> <span class='ocrx_word' id='word_1_207' title='bbox 1243 2553 1357 2595; x_wconf 80' lang='lat' dir='ltr'>hanc</span> <span class='ocrx_word' id='word_1_208' title='bbox 1382 2567 1506 2594; x_wconf 85' lang='lat' dir='ltr'>avem</span> 
     </span>
     <span class='ocr_line' id='line_1_28' title="bbox 116 2626 1505 2681; baseline -0.003 -11"><span class='ocrx_word' id='word_1_209' title='bbox 116 2640 286 2670; x_wconf 83' lang='lat' dir='ltr'><strong>mutato</strong></span> <span class='ocrx_word' id='word_1_210' title='bbox 330 2632 447 2669; x_wconf 80' lang='lat' dir='ltr'>canit</span> <span class='ocrx_word' id='word_1_211' title='bbox 470 2631 599 2670; x_wconf 88' lang='lat' dir='ltr'>Ovid.</span> <span class='ocrx_word' id='word_1_212' title='bbox 628 2631 675 2670; x_wconf 89' lang='lat' dir='ltr'><strong><em>L.</em></strong></span> <span class='ocrx_word' id='word_1_213' title='bbox 705 2630 781 2669; x_wconf 88' lang='lat' dir='ltr'><strong><em>XI.</em></strong></span> <span class='ocrx_word' id='word_1_214' title='bbox 816 2626 1107 2681; x_wconf 81' lang='lat' dir='ltr'>Metamorph.</span> <span class='ocrx_word' id='word_1_215' title='bbox 1144 2641 1330 2680; x_wconf 83' lang='lat' dir='ltr'>eamque</span> <span class='ocrx_word' id='word_1_216' title='bbox 1358 2635 1505 2666; x_wconf 82' lang='lat' dir='ltr'>narrat</span> 
     </span>
     <span class='ocr_line' id='line_1_29' title="bbox 117 2699 1504 2755; baseline -0.004 -13"><span class='ocrx_word' id='word_1_217' title='bbox 117 2703 287 2743; x_wconf 86' lang='lat' dir='ltr'><strong>Eudoc.</strong></span> <span class='ocrx_word' id='word_1_218' title='bbox 312 2702 429 2742; x_wconf 84' lang='lat' dir='ltr'><strong>Viol.</strong></span> <span class='ocrx_word' id='word_1_219' title='bbox 457 2716 501 2755; x_wconf 88' lang='lat' dir='ltr'><strong><em>p.</em></strong></span> <span class='ocrx_word' id='word_1_220' title='bbox 522 2704 586 2751; x_wconf 87' lang='lat'><strong><em>63.</em></strong></span> <span class='ocrx_word' id='word_1_221' title='bbox 658 2704 832 2743; x_wconf 85' lang='lat' dir='ltr'>Nomen</span> <span class='ocrx_word' id='word_1_222' title='bbox 856 2715 958 2742; x_wconf 86' lang='lat' dir='ltr'>vero</span> <span class='ocrx_word' id='word_1_223' title='bbox 990 2701 1116 2741; x_wconf 84' lang='lat' dir='ltr'>huius</span> <span class='ocrx_word' id='word_1_224' title='bbox 1145 2703 1231 2739; x_wconf 81' lang='lat' dir='ltr'>avis</span> <span class='ocrx_word' id='word_1_225' title='bbox 1259 2699 1431 2739; x_wconf 86' lang='lat' dir='ltr'>videtur</span> <span class='ocrx_word' id='word_1_226' title='bbox 1454 2702 1504 2738; x_wconf 87' lang='lat' dir='ltr'><strong><em>in</em></strong></span> 
     </span>
     <span class='ocr_line' id='line_1_30' title="bbox 122 2771 1505 2829; baseline -0.004 -12"><span class='ocrx_word' id='word_1_227' title='bbox 122 2790 197 2817; x_wconf 83' lang='lat' dir='ltr'><strong><em>eos</em></strong></span> <span class='ocrx_word' id='word_1_228' title='bbox 217 2774 457 2815; x_wconf 84' lang='lat' dir='ltr'>adhibitum</span> <span class='ocrx_word' id='word_1_229' title='bbox 470 2790 577 2824; x_wconf 86' lang='lat' dir='ltr'>esse,</span> <span class='ocrx_word' id='word_1_230' title='bbox 606 2779 695 2829; x_wconf 86' lang='lat' dir='ltr'>qui,</span> <span class='ocrx_word' id='word_1_231' title='bbox 721 2780 830 2815; x_wconf 91' lang='lat' dir='ltr'>sicut</span> <span class='ocrx_word' id='word_1_232' title='bbox 852 2774 1031 2829; x_wconf 81' lang='lat' dir='ltr'>cerylus,</span> <span class='ocrx_word' id='word_1_233' title='bbox 1059 2783 1256 2826; x_wconf 84' lang='lat' dir='ltr'>tempore</span> <span class='ocrx_word' id='word_1_234' title='bbox 1277 2771 1505 2826; x_wconf 82' lang='lat' dir='ltr'>progredi·</span> 
     </span>
    </p>
   </div>
  </div>
 </body>
</html>
