1846 3308
754 425 903 469 XCII.

354 524 524 586 Χολὴν
572 521 677 593 γὰρ
715 519 813 571 οὐκ
849 519 985 585 ἔχεις
1020 516 1102 584 ἐφ’
1137 517 1306 579 ἥπατι.

357 691 522 741 Bilem
553 688 689 737 enim
715 701 825 734 non
855 683 1007 733 habes
1034 684 1090 732 in
1115 685 1307 748 hepate.

235 858 484 901 Athenaeus
503 856 551 895 L.
569 854 642 894 III.
660 867 704 906 p.
726 866 811 905 107.
836 853 881 893 F.
935 847 1187 892 Δασυντέον
1209 849 1295 906 γὰρ
1317 846 1535 904 λέγοντας

137 933 191 978 τὸ
215 926 347 990 ἧπαρ.
388 928 462 973 καὶ
493 929 579 986 ’γὰρ
610 925 912 985 ἣσυναλοιφή
944 926 1003 980 ἐςι
1034 927 1135 986 παρ’
1162 925 1428 990 ’Δρχιλόχῳ
1462 925 1534 969 διὰ

139 1010 300 1060 δασέος.
339 1008 449 1066 φησὶ
478 1006 588 1063 γάρ·
628 1002 775 1061 Χολὴν
805 1020 847 1048 κ.
878 1020 920 1048 τ.
953 1003 998 1047 λ.
1051 1009 1170 1047 Sicut
1203 1018 1346 1047 autem
1382 1007 1533 1047 Archi-

138 1088 291 1129 lochus
313 1086 462 1126 sedem
480 1083 577 1123 bilis
599 1082 801 1136 adeoque
822 1086 912 1122 irae
943 1092 1060 1122 recte
1080 1085 1127 1120 in
1148 1079 1306 1133 hepate
1330 1080 1532 1129 collocat,

136 1164 199 1200 ita
218 1159 476 1199 Theocritus
496 1167 539 1196 et
560 1156 633 1195 alii
656 1155 804 1195 sedem
836 1158 924 1195 irae
951 1155 1190 1207 velfpotius
1219 1156 1340 1206 signa
1369 1157 1458 1193 eius
1487 1157 1536 1194 in

138 1251 247 1278 naso
275 1248 475 1290 posuere.
536 1233 660 1287 Idyll.
691 1245 733 1270 α.
760 1247 798 1274 v.
822 1238 882 1279 18.
918 1232 973 1271 de
1004 1233 1144 1271 Pane:
1182 1227 1258 1270 καί
1289 1227 1328 1269 οἱ
1358 1224 1422 1269 ἀεὶ
1453 1226 1534 1282 δρι-

142 1311 245 1368 μεῖα
267 1307 395 1367 χολὰ
419 1304 520 1350 ποτὶ
539 1305 621 1365 ῥινὶ
646 1305 859 1364 κάθηται.
883 1310 963 1350 ubi
991 1309 1091 1349 vide
1111 1307 1418 1349 Casaubonum
1446 1323 1481 1347 c.
1500 1309 1534 1348 1.

139 1389 339 1428 Lection.
359 1383 733 1424 Theocritearum.
790 1385 954 1424 Verum
975 1381 1112 1434 hepar
1128 1395 1223 1421 non
1242 1391 1407 1421 tantum
1426 1385 1533 1430 irae,

142 1460 222 1500 sed
249 1462 378 1499 etiam
407 1457 591 1498 aliorum
619 1456 853 1497 affectuum
880 1456 1005 1496 sedes
1034 1469 1083 1494 ex
1101 1458 1314 1508 opinione
1341 1464 1535 1493 veterum

145 1548 248 1578 erat.
279 1535 478 1591 Aeschyl.
504 1537 761 1590 Agamemn.
788 1549 827 1575 v.
856 1537 946 1585 444.
984 1527 1139 1572 πολλὰ
1182 1527 1290 1584 γοῦν
1329 1527 1536 1584 θιγγάνει

143 1611 250 1670 πρὸς
287 1601 419 1667 ἧπαρ.
485 1615 556 1653 Sic
592 1616 760 1653 amoris.
820 1612 1054 1651 Anacreon
1088 1610 1173 1649 Od.
1203 1610 1276 1656 111.
1311 1606 1460 1649 τανύει
1493 1605 1538 1649 δὲ

144 1689 200 1745 (ὁ
219 1685 390 1745 Ἔρως)
420 1687 497 1729 καί
524 1703 580 1744 με
607 1685 764 1729 τύπτει
793 1684 927 1743 μέσον
958 1677 1089 1741 ἧπαρ.
1130 1689 1186 1728 ad
1224 1703 1355 1742 quem
1389 1690 1537 1731 locum

147 1768 202 1807 cf.
228 1766 383 1805 Annae
411 1763 539 1804 Fabri
577 1773 620 1803 et
644 1764 964 1817 Longepetraei
999 1762 1193 1801 adnotat.
1233 1766 1307 1815 qui
1341 1763 1537 1815 pluribus

142 1848 374 1879 auctorum
410 1836 518 1875 locis
546 1850 646 1875 eum
679 1836 907 1875 illustrant.
970 1835 1132 1874 Contra
1159 1848 1262 1874 vero
1301 1835 1356 1874 de
1385 1836 1541 1876 dolore

149 1917 282 1956 animi
307 1911 543 1967 Aeschylus
569 1912 799 1953 Eumenid.
836 1925 875 1953 v.
909 1902 1243 1965 150.”Δλγησον
1283 1900 1400 1965 ἧπαρ
1438 1908 1541 1952 ἐνδί-

90 2028 92 2030 ,
148 2003 240 2033 not<
269 1985 460 2029 ὀνείδεσι.

758 2206 932 2250 XCIII.

404 2305 573 2365 Πόδες
604 2302 664 2367 δὴ
698 2300 829 2354 κεῖθι
874 2301 1198 2366 τιμιώτατοι.

404 2473 559 2522 Pedes
590 2488 708 2522 sane
741 2472 848 2519 illic
882 2472 1275 2520 honoratissimi.

256 2635 470 2675 Plutarch.
496 2637 552 2676 de
574 2637 777 2678 Garrulit.
805 2638 857 2677 T.
878 2636 950 2677 111.
971 2651 1016 2690 p.
1037 2641 1076 2689 4.
1097 2637 1174 2676 ubi
1197 2649 1338 2676 sermo
1369 2637 1425 2676 de
1451 2651 1547 2692 gar-

155 2709 253 2748 rulo
267 2737 281 2756 ,
311 2711 431 2747 cuius
450 2709 758 2761 loquacitatem
777 2724 928 2753 omnes
958 2711 1155 2765 fugiunt,
1186 2711 1262 2761 qui
1280 2719 1427 2750 tamen
1454 2724 1549 2751 om-

151 2787 280 2824 —nium
306 2783 479 2824 auribus
516 2797 562 2823 se
595 2786 810 2826 inculcat:
862 2782 1133 2840 Πρόσκειται
1162 2781 1247 2838 γὰρ
1275 2781 1546 2841 ἁπανταχοῦ
