1846 3308
818 284 883 291 —·-
952 273 1030 302 XII
1100 281 1166 291 —

951 396 1035 440 111.

332 494 826 543 ΔΙΟΣΚΟΤΡΙΔΟΤ
861 497 969 542 ΕΙΣ
999 497 1128 542 ΤΑΣ
1157 495 1654 544 ΛΥΚΑΜΒΙΑΔΑΣ.

295 593 441 623 Anthol.
471 593 511 622 L.
531 594 593 622 111.
616 603 649 630 p.
668 599 735 627 530.
786 592 888 621 Anal.
920 592 956 621 Τ.
979 593 1005 621 1.
1036 601 1069 629 p.
1090 596 1157 630 493.
1186 592 1249 629 Ep.
1268 598 1314 626 53.
1347 593 1439 630 Quae
1459 592 1498 621 in
1516 592 1690 623 Antholo-

379 642 432 681 gia
454 642 523 672 duo
544 642 781 680 epigrammata
802 648 903 676 sunt,
930 641 1136 671 auctoritate
1163 641 1244 670 cod.
1267 642 1342 670 Vat.
1365 641 1405 670 in
1424 641 1604 670 Analectie

623 690 815 720 coniuncta
834 690 873 719 in
894 698 1006 719 unum
1027 697 1119 718 recte
1139 690 1361 720 exhibentur.

296 751 372 802 Οὐ
410 753 485 817 μὰ
521 753 643 802 τόδε
680 751 944 818 φθιμένων
981 749 1136 812 σέβας
1174 752 1378 823 ὅρκιον,
1429 747 1544 801 αἵδε
1587 758 1690 802 Λυ-

1065 840 1299 905 κάμβεω,

362 932 425 982 A?
460 932 696 998 λάχομεν
735 930 943 1003 ςυγερὴν
981 931 1236 995 κληδόνα,
1272 931 1576 1002 θυγατέρες,

294 1023 432 1073 Οὔτε
467 1038 514 1072 τι
549 1022 818 1092 παρθενίην
855 1020 1186 1086 η’σχύναμεν,
1224 1020 1349 1071 οὕτε
1383 1021 1590 1084 τοκῆας,

361 1112 498 1162 Οὑτε
531 1111 712 1183 Πάρον
749 1111 915 1172 νήσων
953 1110 1233 1174 αἰπυτάτην
1266 1111 1430 1182 ἱερῶν.

289 1204 450 1252 Ἀλλὰ
484 1203 603 1253 καθ’
639 1200 878 1271 ἡμετέρης
916 1201 1080 1268 γενεῆς
1117 1200 1322 1271 ῥιγηλόν
1360 1177 1551 1262 ὄνειδος

359 1292 524 1355 Φήμην
562 1308 618 1342 τε
652 1291 858 1363 ςυγερὴν
897 1291 1131 1358 ἔφλυσεν
1152 1290 1496 1362 Ἀρχίλοχος.

287 1384 645 1453 Ἀρχίλοχον,
704 1383 780 1448 μὰ
822 1383 978 1443 θεοὺς
1022 1382 1111 1433 καὶ
1157 1382 1430 1445 δαίμονας,
1476 1381 1588 1432 οὔτ’
1634 1379 1682 1434 ἐν

1073 1470 1270 1540 ἀγυιαῖς

355 1564 598 1627 Εἴδομεν,
638 1562 754 1615 οὔθ’
782 1563 941 1633 (Ἠρης
976 1561 1023 1613 ἐν
1061 1561 1276 1629 μεγάλῳ
1313 1558 1515 1626 τεμένει.

285 1655 346 1703 Εἰ
372 1655 414 1703 δ’
436 1650 554 1716 ἦμεν
580 1652 786 1718 μάχλοι
810 1653 898 1703 καὶ
922 1652 1250 1712 ἀτάσθαλοι,
1288 1648 1386 1702 οὐκ
1415 1655 1474 1703 ἄν
1499 1651 1682 1715 ἐκεῖνος

341 1743 559 1794 ’Ήθελεν
597 1738 652 1799 ἐξ
688 1741 856 1808 ἡμέων
893 1728 1073 1810 γνήσια
1107 1742 1259 1795 τέκνα
1287 1740 1459 1795 τεκεῖν.

281 1938 402 1981 Non
436 1948 555 1991 nOS,
593 1932 833 1980 iurandos
866 1949 953 1995 per
987 1946 1158 1978 manes
1195 1948 1382 1995 perque
1416 1932 1676 1991 verendos,

344 2027 548 2071 Nomen
584 2023 788 2070 sortitae
819 2035 964 2084 turpe
996 2020 1369 2081 Lycamffiades,

276 2112 538 2176 Virgineos
575 2130 736 2160 mores
766 2129 873 2160 non
907 2111 1311 2159 dedecoravimus
1345 2128 1596 2174 unquam,

344 2206 450 2248 Nec
471 2205 634 2250 Paron
667 2203 935 2257 excelsam,
973 2217 1123 2264 quam
1153 2217 1287 2254 mare
1325 2201 1481 2265 cingit
1504 2202 1672 2265 aquis.

276 2291 603 2338 Archilochus
631 2292 717 2338 sed
748 2291 882 2338 enim
911 2291 1185 2337 horrendae
1212 2291 1440 2338 convicia
1468 2291 1672 2356 linguae

340 2386 401 2428 In
435 2392 670 2428 nostrum
702 2380 901 2428 vomuit
937 2380 1141 2443 diraque.
1174 2378 1355 2442 probra
1391 2396 1564 2444 genus,

273 2477 405 2531 Nec,
443 2488 529 2534 per
558 2472 827 2519 daemonas
857 2482 1005 2533 atque
1037 2470 1182 2528 deos,
1219 2470 1430 2516 Iunonis
1460 2470 1516 2517 in
1549 2471 1669 2520 aede

337 2566 444 2609 Nec
476 2561 654 2624 plateis
691 2577 916 2624 unquam
963 2560 1182 2608 vidimus
1229 2561 1599 2609 Archilochum.

272 2656 339 2699 At
371 2652 413 2699 si
447 2651 550 2700 vita
585 2668 774 2714 procax
809 2650 957 2699 nobis
996 2662 1144 2714 atque
1179 2649 1433 2713 improba,
1469 2651 1635 2699 nollet

339 2746 416 2790 Ex
450 2740 600 2790 nobis
638 2741 868 2790 sobolem
915 2742 1118 2807 gignere
1153 2741 1445 2805 legitimam.
1499 2803 1501 2806 ι
