1846 3308
771 279 1142 328 -134-

268 430 367 455 eum
391 413 599 468 hymnum
616 414 821 465 pertinet,
851 424 940 464 quo
963 408 1097 449 schol.
1117 409 1334 463 Aristopb.
1352 403 1473 463 Ὀρν.
1491 425 1531 451 v.
1545 411 1654 464 1762,
1695 434 1698 439 -

267 490 376 541 (vid.
416 491 466 529 fr.
495 491 557 541 69.
594 500 689 530 not.
725 482 969 540 Τήνελλα)
994 484 1302 526 Archilochum
1338 486 1441 526 dicit
1474 490 1522 526 in
1547 488 1657 528 Paro

264 566 429 602 vicisse.
502 563 651 602 Cultus
692 565 806 602 enim
844 561 1011 599 Cereris
1046 562 1093 598 in
1129 557 1210 597 hac
1249 559 1391 598 insula
1424 562 1660 612 praecipue

266 639 414 690 viguit.
476 636 635 690 Hymn.
663 638 710 674 in
737 636 879 674 Cerer.
906 646 944 671 v.
964 635 1064 682 489,
1093 631 1196 670 dum
1222 642 1357 685 poeta
1385 633 1586 672 Cererem
1616 643 1660 672 et

268 714 575 765 Proserpinam
604 711 859 763 alloquitur:
908 703 1036 747 Ἀλλ’
1067 701 1139 759 ἄγ’
1169 688 1418 756 Ἐλευσῖνος
1447 704 1659 762 θυοέσσης

270 785 404 843 δῆμον
435 784 637 842 ἔχουσαι,
684 781 951 839 ΚαὶΠὰρου
984 779 1266 838 ἀμφιρύτην,
1305 785 1382 825 ubi
1417 786 1515 826 vide
1552 799 1662 840 quos

268 866 370 902 citat
396 860 690 900 Mitscherlieh
719 859 773 898 de
803 859 922 899 cultu
950 860 1117 899 Cereris
1146 858 1266 911 apud
1291 859 1466 906 Parios,
1509 857 1664 898 Ruhn-

265 934 446 975 kenium
482 938 529 973 in
558 934 752 973 adnotat.
782 942 825 972 et
859 932 922 980 de>
941 931 1256 971 sainte-croix
1281 930 1554 971 Recherches
1590 946 1663 971 sur

267 1008 330 1047 les
356 1009 563 1061 Mysteres
591 1020 634 1058 p.
655 1011 744 1058 595.
803 1006 864 1044 Ex
891 1005 1002 1044 Paro
1032 1006 1160 1043 etiam
1188 1004 1354 1044 Cereris
1381 1007 1582 1059 mysteria
1615 1008 1664 1044 in

267 1080 458 1121 Thasum
494 1079 699 1118 translata
739 1092 856 1126 esse,
903 1087 946 1117 et
984 1076 1162 1130 quidem
1200 1076 1253 1115 ab
1291 1079 1387 1128 ipso
1413 1076 1664 1117 Archilochi

267 1168 432 1206 proavo
444 1152 630 1201 Tellide,
654 1152 887 1191 Pausanias
908 1159 1060 1190 auctor
1078 1159 1152 1188 est.
1192 1150 1256 1188 Cf.
1282 1160 1560 1190 commentar.
1582 1150 1664 1201 §.L

371 1225 679 1282 Δήμητρος
714 1225 885 1281 ἁγνῆς
924 1220 1015 1266 καὶ
1054 1223 1230 1279 κόρης.
1291 1221 1446 1280 ’Δγνός
1479 1229 1665 1270 solenne

269 1304 499 1356 epitheton
544 1303 724 1342 dearum
770 1301 1056 1352 deorumque.
1110 1300 1270 1356 Hymn.
1313 1303 1362 1339 in
1398 1302 1542 1342 Ceret.
1574 1310 1663 1350 205.

267 1377 525 1435 Ἐτρὲψατο
548 1376 731 1420 πότνιαν
753 1375 890 1432 ἁγνὴν
908 1374 1124 1431 Μειδῆσαι
1145 1399 1224 1417 -.
1251 1380 1402 1420 Sermo
1423 1390 1486 1421 est
1511 1380 1567 1420 de
1585 1380 1666 1421 hac

268 1461 359 1513 ipsa
397 1460 492 1499 dea.
531 1469 574 1498 et
607 1472 646 1499 v.
672 1462 762 1509 438.
798 1451 967 1500 Πολλὰ
1011 1451 1043 1496 δ’
1088 1449 1156 1508 ἄρ’
1185 1450 1495 1511 ἀμφαγάπησε
1533 1454 1666 1512 κόρην

270 1533 523 1592 Δημήτερος
556 1532 708 1590 ἁγνήν.
747 1546 789 1576 et
831 1535 984 1591 Odyss.
1013 1529 1058 1573 λ.
1085 1537 1173 1581 585.
1210 1523 1391 1575 Hes‘iod.
1421 1526 1551 1590 '‘Epy.
1576 1538 1667 1588 463.

269 1608 509 1668 Εὕχεσθαι
550 1611 594 1654 δὲ
623 1609 701 1652 Δι’ὶ·
732 1608 907 1667 χθονίῳ
949 1606 1174 1667 Δημήτερὶ
1211 1610 1257 1651 θ’
1293 1608 1420 1665 ἁγνῇ.
1480 1616 1550 1655 Sic
1583 1617 1669 1655 Mi-

271 1707 430 1743 nerva,
473 1696 642 1745 Diana,
689 1696 870 1741 Musae,
913 1691 1143 1748 Nymphae
1171 1701 1252 1731 ete.
1288 1685 1420 1743 ἁγναὶ
1466 1691 1671 1733 dicuntur

276 1774 428 1828 Odyss.
449 1783 487 1811 σ.
502 1785 565 1825 71.
586 1788 678 1813 201.
697 1772 894 1827 Aeschyl.
907 1771 1057 1824 Suppl.
1076 1785 1114 1811 v.
1129 1771 1541 1824 151.Eurip.Helen.
1558 1771 1669 1811 1601.

271 1848 412 1887 Etiam
439 1846 617 1898 Apollo,
659 1847 824 1898 Iupiter
852 1845 1014 1899 aliique
1043 1844 1103 1884 dii
1131 1854 1175 1884 et
1201 1845 1438 1885 daemones
1467 1843 1552 1884 hoc
1579 1846 1670 1897 epi·

273 1920 395 1961 theto
424 1919 630 1975 gaudent.
657 1917 857 1969 Aeschyl.
883 1918 912 1957 1.
942 1932 979 1958 c.
1006 1930 1095 1970 229.
1125 1927 1168 1956 et
1192 1918 1280 1968 667.
1308 1919 1424 1958 Pers.
1451 1931 1489 1958 v.
1509 1919 1598 1966 627.

892 2151 1065 2194 LXXI.

377 2245 642 2301 Χρυσοὲθειρ
692 2244 794 2302 παρ’
831 2243 1096 2303 Ἀρχιλόχῳ
1144 2243 1187 2288 ἐν
1233 2241 1515 2300 ’Ῐοβὰκχοις,
1563 2237 1670 2298 ὅπερ

278 2320 583 2366 ἆποκὲκοπται
613 2320 694 2365 τοῦ
723 2322 1049 2381 χρυσοέθειρος.

377 2477 527 2531 Steph.
555 2480 730 2534 Byzant.
757 2493 796 2519 v.
823 2474 1001 2531 Βὲχειρ.
