<?xml version="1.0" encoding="UTF-8"?>
<!DOCTYPE html PUBLIC "-//W3C//DTD XHTML 1.0 Transitional//EN"
    "http://www.w3.org/TR/xhtml1/DTD/xhtml1-transitional.dtd">
<html xmlns="http://www.w3.org/1999/xhtml" xml:lang="en" lang="en">
 <head>
  <title>
</title>
<meta http-equiv="Content-Type" content="text/html;charset=utf-8" />
  <meta name='ocr-system' content='tesseract 3.04.00' />
  <meta name='ocr-capabilities' content='ocr_page ocr_carea ocr_par ocr_line ocrx_word'/>
</head>
<body>
  <div class='ocr_page' id='page_1' title='image "./iambographorumpr00archuoft_0253.png"; bbox 0 0 1846 3308; ppageno 0'>
   <div class='ocr_carea' id='block_1_1' title="bbox 692 305 1060 347">
    <p class='ocr_par' dir='ltr' id='par_1_1' title="bbox 692 305 1060 347">
     <span class='ocr_line' id='line_1_1' title="bbox 692 305 1060 347; baseline -0.005 -21"><span class='ocrx_word' id='word_1_1' title='bbox 692 305 1060 347; x_wconf 67' lang='lat'>,227-</span> 
     </span>
    </p>
   </div>
   <div class='ocr_carea' id='block_1_2' title="bbox 790 426 960 473">
    <p class='ocr_par' dir='ltr' id='par_1_2' title="bbox 790 426 960 473">
     <span class='ocr_line' id='line_1_2' title="bbox 790 426 960 473; baseline 0.012 -2"><span class='ocrx_word' id='word_1_2' title='bbox 790 426 960 473; x_wconf 82' lang='lat' dir='ltr'>CXIX.</span> 
     </span>
    </p>
   </div>
   <div class='ocr_carea' id='block_1_3' title="bbox 178 524 1576 1921">
    <p class='ocr_par' dir='ltr' id='par_1_3' title="bbox 179 524 1575 739">
     <span class='ocr_line' id='line_1_3' title="bbox 289 524 1575 589; baseline -0.002 -14"><span class='ocrx_word' id='word_1_3' title='bbox 289 530 399 589; x_wconf 81' lang='grc' dir='ltr'><em>Περὶ</em></span> <span class='ocrx_word' id='word_1_4' title='bbox 418 527 686 588; x_wconf 72' lang='grc' dir='ltr'>Περικλέους</span> <span class='ocrx_word' id='word_1_5' title='bbox 706 525 842 583; x_wconf 70' lang='grc' dir='ltr'><strong><em>Φησὶν</em></strong></span> <span class='ocrx_word' id='word_1_6' title='bbox 861 524 1137 584; x_wconf 77' lang='grc' dir='ltr'>’Δρχὶλοχος</span> <span class='ocrx_word' id='word_1_7' title='bbox 1157 525 1179 569; x_wconf 82' lang='grc' dir='ltr'>ὁ</span> <span class='ocrx_word' id='word_1_8' title='bbox 1199 527 1360 585; x_wconf 77' lang='grc' dir='ltr'><strong><em>Πάριος</em></strong></span> <span class='ocrx_word' id='word_1_9' title='bbox 1379 531 1575 587; x_wconf 68' lang='grc' dir='ltr'><strong>ποιητὴς,</strong></span> 
     </span>
     <span class='ocr_line' id='line_1_4' title="bbox 181 602 1572 664; baseline -0.001 -14"><span class='ocrx_word' id='word_1_10' title='bbox 181 609 238 661; x_wconf 75' lang='grc' dir='ltr'><strong>ὡς</strong></span> <span class='ocrx_word' id='word_1_11' title='bbox 278 607 533 664; x_wconf 75' lang='grc' dir='ltr'>ἀκλήτου</span> <span class='ocrx_word' id='word_1_12' title='bbox 572 602 1012 654; x_wconf 78' lang='grc' dir='ltr'><strong><em>ἐπεισπαίοντος</em></strong></span> <span class='ocrx_word' id='word_1_13' title='bbox 1059 603 1135 656; x_wconf 81' lang='grc' dir='ltr'><strong>εἰς</strong></span> <span class='ocrx_word' id='word_1_14' title='bbox 1179 603 1246 645; x_wconf 79' lang='grc' dir='ltr'><strong>τὰ</strong></span> <span class='ocrx_word' id='word_1_15' title='bbox 1285 609 1572 664; x_wconf 76' lang='grc' dir='ltr'>συμπόσια</span> 
     </span>
     <span class='ocr_line' id='line_1_5' title="bbox 179 676 710 739; baseline -0.017 -7"><span class='ocrx_word' id='word_1_16' title='bbox 179 676 491 735; x_wconf 57' lang='grc' dir='ltr'><strong>Μυκωῡεωυ</strong></span> <span class='ocrx_word' id='word_1_17' title='bbox 536 682 710 739; x_wconf 72' lang='grc' dir='ltr'><strong><em>δίκην.</em></strong></span> 
     </span>
    </p>

    <p class='ocr_par' dir='ltr' id='par_1_4' title="bbox 178 763 1576 1921">
     <span class='ocr_line' id='line_1_6' title="bbox 280 763 1572 819; baseline -0.001 -9"><span class='ocrx_word' id='word_1_18' title='bbox 280 768 492 811; x_wconf 80' lang='lat' dir='ltr'><strong>Athenae.</strong></span> <span class='ocrx_word' id='word_1_19' title='bbox 517 765 566 804; x_wconf 88' lang='lat' dir='ltr'><strong>L.</strong></span> <span class='ocrx_word' id='word_1_20' title='bbox 588 765 621 804; x_wconf 92' lang='grc' dir='ltr'><strong>Ι.</strong></span> <span class='ocrx_word' id='word_1_21' title='bbox 649 778 692 817; x_wconf 87' lang='lat' dir='ltr'><strong>p.</strong></span> <span class='ocrx_word' id='word_1_22' title='bbox 714 777 753 813; x_wconf 94' lang='lat'><strong>7.</strong></span> <span class='ocrx_word' id='word_1_23' title='bbox 782 763 829 802; x_wconf 82' lang='lat' dir='ltr'><strong>F.</strong></span> <span class='ocrx_word' id='word_1_24' title='bbox 880 763 1090 802; x_wconf 88' lang='lat' dir='ltr'>Periclem</span> <span class='ocrx_word' id='word_1_25' title='bbox 1115 766 1359 819; x_wconf 80' lang='lat' dir='ltr'>quendam,</span> <span class='ocrx_word' id='word_1_26' title='bbox 1386 778 1572 810; x_wconf 81' lang='lat' dir='ltr'><strong>testante</strong></span> 
     </span>
     <span class='ocr_line' id='line_1_7' title="bbox 180 836 1573 890; baseline 0 -8"><span class='ocrx_word' id='word_1_27' title='bbox 180 841 392 889; x_wconf 79' lang='lat' dir='ltr'><strong>Aristide,</strong></span> <span class='ocrx_word' id='word_1_28' title='bbox 420 837 521 890; x_wconf 86' lang='lat' dir='ltr'><strong>(vid.</strong></span> <span class='ocrx_word' id='word_1_29' title='bbox 543 837 784 885; x_wconf 86' lang='lat' dir='ltr'><strong>Comment.</strong></span> <span class='ocrx_word' id='word_1_30' title='bbox 815 838 851 887; x_wconf 81' lang='lat'><strong>§.</strong></span> <span class='ocrx_word' id='word_1_31' title='bbox 871 836 969 875; x_wconf 77' lang='lat' dir='ltr'><strong>XV.</strong></span> <span class='ocrx_word' id='word_1_32' title='bbox 998 847 1090 876; x_wconf 90' lang='lat' dir='ltr'><strong>not.</strong></span> <span class='ocrx_word' id='word_1_33' title='bbox 1122 839 1180 890; x_wconf 91' lang='lat' dir='ltr'><strong>q.)</strong></span> <span class='ocrx_word' id='word_1_34' title='bbox 1208 841 1466 880; x_wconf 77' lang='lat' dir='ltr'><strong>carminibus</strong></span> <span class='ocrx_word' id='word_1_35' title='bbox 1486 847 1573 882; x_wconf 86' lang='lat' dir='ltr'><strong>suis</strong></span> 
     </span>
     <span class='ocr_line' id='line_1_8' title="bbox 179 898 1570 967; baseline 0 -12"><span class='ocrx_word' id='word_1_36' title='bbox 179 898 462 956; x_wconf 48' lang='lat' dir='ltr'><strong>Archilochus</strong></span> <span class='ocrx_word' id='word_1_37' title='bbox 498 913 731 949; x_wconf 90' lang='lat' dir='ltr'><strong>insectatus</strong></span> <span class='ocrx_word' id='word_1_38' title='bbox 769 920 855 960; x_wconf 89' lang='lat' dir='ltr'><strong>est,</strong></span> <span class='ocrx_word' id='word_1_39' title='bbox 902 920 968 958; x_wconf 92' lang='lat' dir='ltr'><strong>et,</strong></span> <span class='ocrx_word' id='word_1_40' title='bbox 1012 920 1062 948; x_wconf 91' lang='lat' dir='ltr'><strong>ut</strong></span> <span class='ocrx_word' id='word_1_41' title='bbox 1098 924 1148 949; x_wconf 84' lang='lat' dir='ltr'><strong>ex</strong></span> <span class='ocrx_word' id='word_1_42' title='bbox 1182 909 1268 951; x_wconf 89' lang='lat' dir='ltr'><strong>hoc</strong></span> <span class='ocrx_word' id='word_1_43' title='bbox 1298 913 1399 954; x_wconf 92' lang='lat' dir='ltr'><strong>loco</strong></span> <span class='ocrx_word' id='word_1_44' title='bbox 1434 925 1570 967; x_wconf 84' lang='lat' dir='ltr'><strong>patet,</strong></span> 
     </span>
     <span class='ocr_line' id='line_1_9' title="bbox 182 983 1571 1042; baseline 0.001 -14"><span class='ocrx_word' id='word_1_45' title='bbox 182 991 312 1028; x_wconf 85' lang='lat' dir='ltr'><strong>etiam</strong></span> <span class='ocrx_word' id='word_1_46' title='bbox 344 984 403 1025; x_wconf 93' lang='lat' dir='ltr'><strong>ob</strong></span> <span class='ocrx_word' id='word_1_47' title='bbox 440 986 531 1024; x_wconf 90' lang='lat' dir='ltr'><strong>eius</strong></span> <span class='ocrx_word' id='word_1_48' title='bbox 560 983 817 1023; x_wconf 85' lang='lat' dir='ltr'><strong>edacitatem</strong></span> <span class='ocrx_word' id='word_1_49' title='bbox 845 993 890 1023; x_wconf 88' lang='lat' dir='ltr'><strong>et</strong></span> <span class='ocrx_word' id='word_1_50' title='bbox 914 985 1190 1036; x_wconf 80' lang='lat' dir='ltr'><strong>parasiticum</strong></span> <span class='ocrx_word' id='word_1_51' title='bbox 1215 987 1388 1026; x_wconf 88' lang='lat' dir='ltr'><strong>vivendi</strong></span> <span class='ocrx_word' id='word_1_52' title='bbox 1418 1001 1571 1042; x_wconf 86' lang='lat' dir='ltr'><strong>genus.</strong></span> 
     </span>
     <span class='ocr_line' id='line_1_10' title="bbox 181 1044 1574 1116; baseline 0 -17"><span class='ocrx_word' id='word_1_53' title='bbox 181 1044 333 1100; x_wconf 87' lang='lat' dir='ltr'><strong>Utrum</strong></span> <span class='ocrx_word' id='word_1_54' title='bbox 350 1044 422 1098; x_wconf 77' lang='lat' dir='ltr'><strong>&#39;hic</strong></span> <span class='ocrx_word' id='word_1_55' title='bbox 443 1057 560 1097; x_wconf 89' lang='lat' dir='ltr'><strong>idem</strong></span> <span class='ocrx_word' id='word_1_56' title='bbox 579 1061 633 1096; x_wconf 88' lang='lat' dir='ltr'><strong>sit</strong></span> <span class='ocrx_word' id='word_1_57' title='bbox 654 1056 866 1104; x_wconf 88' lang='lat' dir='ltr'><strong>Pericles,</strong></span> <span class='ocrx_word' id='word_1_58' title='bbox 894 1055 951 1095; x_wconf 85' lang='lat' dir='ltr'><strong>ad</strong></span> <span class='ocrx_word' id='word_1_59' title='bbox 972 1068 1102 1109; x_wconf 89' lang='lat' dir='ltr'><strong>quem</strong></span> <span class='ocrx_word' id='word_1_60' title='bbox 1125 1057 1266 1111; x_wconf 85' lang='lat' dir='ltr'><strong>elegia</strong></span> <span class='ocrx_word' id='word_1_61' title='bbox 1285 1058 1463 1116; x_wconf 80' lang='lat' dir='ltr'><strong>(fragm.</strong></span> <span class='ocrx_word' id='word_1_62' title='bbox 1482 1048 1574 1115; x_wconf 83' lang='grc'>43.)</span> 
     </span>
     <span class='ocr_line' id='line_1_11' title="bbox 179 1128 1574 1185; baseline 0.002 -12"><span class='ocrx_word' id='word_1_63' title='bbox 179 1137 338 1185; x_wconf 78' lang='lat' dir='ltr'><strong>scripta</strong></span> <span class='ocrx_word' id='word_1_64' title='bbox 361 1141 447 1179; x_wconf 88' lang='lat' dir='ltr'><strong>est,</strong></span> <span class='ocrx_word' id='word_1_65' title='bbox 476 1144 533 1170; x_wconf 84' lang='lat' dir='ltr'><strong>an</strong></span> <span class='ocrx_word' id='word_1_66' title='bbox 555 1133 663 1169; x_wconf 82' lang='lat' dir='ltr'><strong>naec</strong></span> <span class='ocrx_word' id='word_1_67' title='bbox 681 1128 910 1169; x_wconf 82' lang='lat' dir='ltr'><strong>referenda</strong></span> <span class='ocrx_word' id='word_1_68' title='bbox 941 1132 1027 1167; x_wconf 91' lang='lat' dir='ltr'><strong>sint</strong></span> <span class='ocrx_word' id='word_1_69' title='bbox 1057 1130 1113 1168; x_wconf 85' lang='lat' dir='ltr'><strong>ad</strong></span> <span class='ocrx_word' id='word_1_70' title='bbox 1142 1130 1293 1184; x_wconf 87' lang='lat' dir='ltr'><strong>fragm.</strong></span> <span class='ocrx_word' id='word_1_71' title='bbox 1323 1147 1357 1172; x_wconf 86' lang='lat'><strong>1.</strong></span> <span class='ocrx_word' id='word_1_72' title='bbox 1385 1140 1574 1176; x_wconf 84' lang='lat' dir='ltr'><strong>senario·</strong></span> 
     </span>
     <span class='ocr_line' id='line_1_12' title="bbox 178 1201 1571 1258; baseline 0.004 -15"><span class='ocrx_word' id='word_1_73' title='bbox 178 1220 275 1247; x_wconf 88' lang='lat' dir='ltr'><strong>rum</strong></span> <span class='ocrx_word' id='word_1_74' title='bbox 285 1231 301 1254; x_wconf 87' lang='lat'><strong><em>,</em></strong></span> <span class='ocrx_word' id='word_1_75' title='bbox 329 1218 417 1258; x_wconf 89' lang='lat' dir='ltr'><strong>quo</strong></span> <span class='ocrx_word' id='word_1_76' title='bbox 438 1202 661 1243; x_wconf 89' lang='lat' dir='ltr'><strong>hominem</strong></span> <span class='ocrx_word' id='word_1_77' title='bbox 681 1211 795 1241; x_wconf 80' lang='lat' dir='ltr'><strong>taxat</strong></span> <span class='ocrx_word' id='word_1_78' title='bbox 814 1201 969 1241; x_wconf 88' lang='lat' dir='ltr'><strong>eodem</strong></span> <span class='ocrx_word' id='word_1_79' title='bbox 1002 1202 1130 1256; x_wconf 83' lang='lat' dir='ltr'><strong>gulae</strong></span> <span class='ocrx_word' id='word_1_80' title='bbox 1150 1206 1255 1243; x_wconf 88' lang='lat' dir='ltr'><strong>vitio</strong></span> <span class='ocrx_word' id='word_1_81' title='bbox 1282 1204 1571 1257; x_wconf 84' lang='lat' dir='ltr'>laborantem,</span> 
     </span>
     <span class='ocr_line' id='line_1_13' title="bbox 180 1273 1572 1332; baseline 0.001 -14"><span class='ocrx_word' id='word_1_82' title='bbox 180 1277 304 1332; x_wconf 86' lang='lat' dir='ltr'><strong>quod</strong></span> <span class='ocrx_word' id='word_1_83' title='bbox 334 1287 568 1329; x_wconf 88' lang='lat' dir='ltr'><strong>utrumque</strong></span> <span class='ocrx_word' id='word_1_84' title='bbox 598 1275 713 1316; x_wconf 85' lang='lat' dir='ltr'><strong>doct.</strong></span> <span class='ocrx_word' id='word_1_85' title='bbox 741 1273 895 1315; x_wconf 75' lang='lat' dir='ltr'><strong>Iacob&#39;s</strong></span> <span class='ocrx_word' id='word_1_86' title='bbox 932 1288 1142 1327; x_wconf 88' lang='lat' dir='ltr'><strong>perquam</strong></span> <span class='ocrx_word' id='word_1_87' title='bbox 1172 1277 1403 1318; x_wconf 87' lang='lat' dir='ltr'><strong>verisimile</strong></span> <span class='ocrx_word' id='word_1_88' title='bbox 1431 1290 1572 1331; x_wconf 89' lang='lat' dir='ltr'><strong>putat,</strong></span> 
     </span>
     <span class='ocr_line' id='line_1_14' title="bbox 182 1346 1572 1400; baseline -0.003 -11"><span class='ocrx_word' id='word_1_89' title='bbox 182 1360 301 1390; x_wconf 92' lang='lat' dir='ltr'><strong>certo</strong></span> <span class='ocrx_word' id='word_1_90' title='bbox 325 1352 453 1389; x_wconf 90' lang='lat' dir='ltr'><strong>statui</strong></span> <span class='ocrx_word' id='word_1_91' title='bbox 472 1362 566 1389; x_wconf 89' lang='lat' dir='ltr'><strong>non</strong></span> <span class='ocrx_word' id='word_1_92' title='bbox 589 1357 747 1400; x_wconf 87' lang='lat' dir='ltr'><strong>potest.</strong></span> <span class='ocrx_word' id='word_1_93' title='bbox 798 1348 911 1386; x_wconf 86' lang='lat' dir='ltr'><strong>Nam</strong></span> <span class='ocrx_word' id='word_1_94' title='bbox 934 1357 978 1386; x_wconf 88' lang='lat' dir='ltr'><strong>et</strong></span> <span class='ocrx_word' id='word_1_95' title='bbox 997 1347 1052 1386; x_wconf 81' lang='lat' dir='ltr'><strong>ad</strong></span> <span class='ocrx_word' id='word_1_96' title='bbox 1074 1346 1335 1397; x_wconf 84' lang='lat' dir='ltr'><strong>Charilaum,</strong></span> <span class='ocrx_word' id='word_1_97' title='bbox 1360 1354 1479 1392; x_wconf 89' lang='lat' dir='ltr'><strong>cuius</strong></span> <span class='ocrx_word' id='word_1_98' title='bbox 1499 1368 1572 1394; x_wconf 88' lang='lat' dir='ltr'><strong>vo-</strong></span> 
     </span>
     <span class='ocr_line' id='line_1_15' title="bbox 180 1420 1565 1479; baseline 0.003 -17"><span class='ocrx_word' id='word_1_99' title='bbox 180 1427 403 1462; x_wconf 73' lang='lat' dir='ltr'><strong>rat-itatem</strong></span> <span class='ocrx_word' id='word_1_100' title='bbox 429 1420 715 1462; x_wconf 80' lang='lat' dir='ltr'><strong>Archilochus</strong></span> <span class='ocrx_word' id='word_1_101' title='bbox 744 1424 872 1460; x_wconf 90' lang='lat' dir='ltr'><strong>etiam</strong></span> <span class='ocrx_word' id='word_1_102' title='bbox 914 1424 961 1459; x_wconf 88' lang='lat' dir='ltr'><strong>in</strong></span> <span class='ocrx_word' id='word_1_103' title='bbox 988 1421 1249 1461; x_wconf 84' lang='lat' dir='ltr'><strong>carminibus</strong></span> <span class='ocrx_word' id='word_1_104' title='bbox 1275 1427 1359 1463; x_wconf 88' lang='lat' dir='ltr'><strong>suis</strong></span> <span class='ocrx_word' id='word_1_105' title='bbox 1386 1428 1565 1479; x_wconf 88' lang='lat' dir='ltr'><strong>ignomi-</strong></span> 
     </span>
     <span class='ocr_line' id='line_1_16' title="bbox 180 1494 1575 1552; baseline 0.001 -17"><span class='ocrx_word' id='word_1_106' title='bbox 180 1499 256 1535; x_wconf 80' lang='lat' dir='ltr'><strong>nia</strong></span> <span class='ocrx_word' id='word_1_107' title='bbox 281 1498 474 1544; x_wconf 83' lang='lat' dir='ltr'><strong>notavit,</strong></span> <span class='ocrx_word' id='word_1_108' title='bbox 510 1495 619 1546; x_wconf 88' lang='lat' dir='ltr'><strong>(vid.</strong></span> <span class='ocrx_word' id='word_1_109' title='bbox 646 1495 798 1547; x_wconf 80' lang='lat' dir='ltr'><strong>fragm.</strong></span> <span class='ocrx_word' id='word_1_110' title='bbox 822 1494 908 1545; x_wconf 77' lang='grc'>47.)</span> <span class='ocrx_word' id='word_1_111' title='bbox 934 1497 1121 1545; x_wconf 84' lang='lat' dir='ltr'><strong>primum</strong></span> <span class='ocrx_word' id='word_1_112' title='bbox 1147 1494 1258 1533; x_wconf 89' lang='lat' dir='ltr'><strong>illud</strong></span> <span class='ocrx_word' id='word_1_113' title='bbox 1283 1495 1575 1552; x_wconf 83' lang='lat' dir='ltr'><strong>fragmentum</strong></span> 
     </span>
     <span class='ocr_line' id='line_1_17' title="bbox 182 1565 1575 1621; baseline 0.005 -13"><span class='ocrx_word' id='word_1_114' title='bbox 182 1573 385 1621; x_wconf 77' lang='lat' dir='ltr'><strong>spectare</strong></span> <span class='ocrx_word' id='word_1_115' title='bbox 404 1571 561 1621; x_wconf 81' lang='lat' dir='ltr'><strong>potuit.</strong></span> <span class='ocrx_word' id='word_1_116' title='bbox 619 1567 788 1607; x_wconf 83' lang='lat' dir='ltr'><strong>Aelian.</strong></span> <span class='ocrx_word' id='word_1_117' title='bbox 815 1566 864 1604; x_wconf 89' lang='lat' dir='ltr'><strong>L.</strong></span> <span class='ocrx_word' id='word_1_118' title='bbox 884 1565 957 1604; x_wconf 88' lang='lat' dir='ltr'><strong>IV.</strong></span> <span class='ocrx_word' id='word_1_119' title='bbox 997 1579 1031 1605; x_wconf 92' lang='lat' dir='ltr'><strong>c.</strong></span> <span class='ocrx_word' id='word_1_120' title='bbox 1051 1574 1112 1613; x_wconf 81' lang='lat'><strong>23.</strong></span> <span class='ocrx_word' id='word_1_121' title='bbox 1140 1567 1193 1607; x_wconf 90' lang='lat' dir='ltr'><strong>V.</strong></span> <span class='ocrx_word' id='word_1_122' title='bbox 1222 1568 1276 1607; x_wconf 88' lang='lat' dir='ltr'><strong>H.</strong></span> <span class='ocrx_word' id='word_1_123' title='bbox 1303 1576 1575 1615; x_wconf 86' lang='lat' dir='ltr'><strong>mentionem</strong></span> 
     </span>
     <span class='ocr_line' id='line_1_18' title="bbox 184 1639 1576 1696; baseline 0.006 -16"><span class='ocrx_word' id='word_1_124' title='bbox 184 1654 365 1694; x_wconf 87' lang='lat' dir='ltr'><strong>quoque</strong></span> <span class='ocrx_word' id='word_1_125' title='bbox 411 1641 516 1680; x_wconf 87' lang='lat' dir='ltr'><strong>facit</strong></span> <span class='ocrx_word' id='word_1_126' title='bbox 548 1640 723 1679; x_wconf 87' lang='lat' dir='ltr'><strong>Periclis</strong></span> <span class='ocrx_word' id='word_1_127' title='bbox 765 1639 986 1679; x_wconf 83' lang='lat' dir='ltr'><strong>cuiusdam</strong></span> <span class='ocrx_word' id='word_1_128' title='bbox 995 1667 1011 1688; x_wconf 90' lang='lat'><em>‚</em></span> <span class='ocrx_word' id='word_1_129' title='bbox 1068 1643 1144 1692; x_wconf 90' lang='lat' dir='ltr'><strong>qui</strong></span> <span class='ocrx_word' id='word_1_130' title='bbox 1181 1641 1484 1696; x_wconf 83' lang='lat' dir='ltr'><strong>prodigalitate</strong></span> <span class='ocrx_word' id='word_1_131' title='bbox 1531 1659 1576 1688; x_wconf 88' lang='lat' dir='ltr'><strong>et</strong></span> 
     </span>
     <span class='ocr_line' id='line_1_19' title="bbox 182 1712 1575 1765; baseline 0.006 -13"><span class='ocrx_word' id='word_1_132' title='bbox 182 1716 269 1752; x_wconf 79' lang='lat' dir='ltr'><strong>vita</strong></span> <span class='ocrx_word' id='word_1_133' title='bbox 301 1713 544 1765; x_wconf 80' lang='lat' dir='ltr'><strong>voluptaria</strong></span> <span class='ocrx_word' id='word_1_134' title='bbox 580 1712 636 1752; x_wconf 84' lang='lat' dir='ltr'><strong>ad</strong></span> <span class='ocrx_word' id='word_1_135' title='bbox 673 1716 825 1752; x_wconf 87' lang='lat' dir='ltr'><strong>incitas</strong></span> <span class='ocrx_word' id='word_1_136' title='bbox 858 1712 1057 1752; x_wconf 84' lang='lat' dir='ltr'><strong>redactus</strong></span> <span class='ocrx_word' id='word_1_137' title='bbox 1093 1715 1233 1752; x_wconf 81' lang='lat' dir='ltr'><strong>cicuta</strong></span> <span class='ocrx_word' id='word_1_138' title='bbox 1267 1713 1417 1757; x_wconf 78' lang='lat' dir='ltr'><strong>hausta</strong></span> <span class='ocrx_word' id='word_1_139' title='bbox 1445 1723 1575 1761; x_wconf 87' lang='lat' dir='ltr'><strong>vitam</strong></span> 
     </span>
     <span class='ocr_line' id='line_1_20' title="bbox 186 1785 1575 1844; baseline -0.001 -15"><span class='ocrx_word' id='word_1_140' title='bbox 186 1789 317 1840; x_wconf 79' lang='lat' dir='ltr'><strong>finiit3</strong></span> <span class='ocrx_word' id='word_1_141' title='bbox 350 1793 434 1830; x_wconf 89' lang='lat' dir='ltr'><strong>nisi</strong></span> <span class='ocrx_word' id='word_1_142' title='bbox 459 1789 522 1829; x_wconf 90' lang='lat' dir='ltr'><strong>ibi</strong></span> <span class='ocrx_word' id='word_1_143' title='bbox 548 1790 738 1830; x_wconf 84' lang='lat' dir='ltr'><strong>fortassis</strong></span> <span class='ocrx_word' id='word_1_144' title='bbox 770 1803 868 1829; x_wconf 92' lang='lat' dir='ltr'><strong>cum</strong></span> <span class='ocrx_word' id='word_1_145' title='bbox 884 1787 1107 1830; x_wconf 84' lang='lat' dir='ltr'><strong>Scheffero</strong></span> <span class='ocrx_word' id='word_1_146' title='bbox 1134 1785 1371 1844; x_wconf 81' lang='grc' dir='ltr'><strong><em>Ἐπικλέης</em></strong></span> <span class='ocrx_word' id='word_1_147' title='bbox 1395 1796 1465 1836; x_wconf 80' lang='lat' dir='ltr'><strong>vel</strong></span> <span class='ocrx_word' id='word_1_148' title='bbox 1491 1789 1575 1836; x_wconf 75' lang='grc' dir='ltr'><strong>Αὖ-</strong></span> 
     </span>
     <span class='ocr_line' id='line_1_21' title="bbox 183 1861 687 1921; baseline 0 -15"><span class='ocrx_word' id='word_1_149' title='bbox 183 1861 371 1918; x_wconf 76' lang='grc' dir='ltr'><strong><em>τοκλέης</em></strong></span> <span class='ocrx_word' id='word_1_150' title='bbox 394 1866 544 1921; x_wconf 88' lang='lat' dir='ltr'><strong>legere</strong></span> <span class='ocrx_word' id='word_1_151' title='bbox 570 1866 687 1906; x_wconf 83' lang='lat' dir='ltr'><strong>velis.</strong></span> 
     </span>
    </p>
   </div>
   <div class='ocr_carea' id='block_1_4' title="bbox 183 1940 1586 2899">
    <p class='ocr_par' dir='ltr' id='par_1_5' title="bbox 183 1940 1578 2380">
     <span class='ocr_line' id='line_1_22' title="bbox 273 1940 1574 2010; baseline 0.005 -23"><span class='ocrx_word' id='word_1_152' title='bbox 273 1940 568 2001; x_wconf 72' lang='grc' dir='ltr'>’Δκλητος.</span> <span class='ocrx_word' id='word_1_153' title='bbox 617 1950 907 1990; x_wconf 82' lang='lat' dir='ltr'><strong>Convivamm</strong></span> <span class='ocrx_word' id='word_1_154' title='bbox 933 1960 1056 1990; x_wconf 81' lang='lat' dir='ltr'><strong>erant</strong></span> <span class='ocrx_word' id='word_1_155' title='bbox 1091 1951 1164 1991; x_wconf 81' lang='lat' dir='ltr'><strong>alii</strong></span> <span class='ocrx_word' id='word_1_156' title='bbox 1199 1946 1382 2005; x_wconf 75' lang='grc' dir='ltr'><strong>κλητοὶ,</strong></span> <span class='ocrx_word' id='word_1_157' title='bbox 1416 1963 1574 2010; x_wconf 74' lang='lat' dir='ltr'><strong>vocati,</strong></span> 
     </span>
     <span class='ocr_line' id='line_1_23' title="bbox 185 2020 1576 2088; baseline 0.005 -20"><span class='ocrx_word' id='word_1_158' title='bbox 185 2027 259 2068; x_wconf 82' lang='lat' dir='ltr'><strong>alii</strong></span> <span class='ocrx_word' id='word_1_159' title='bbox 287 2027 341 2067; x_wconf 91' lang='lat' dir='ltr'><strong>ab</strong></span> <span class='ocrx_word' id='word_1_160' title='bbox 370 2026 434 2067; x_wconf 89' lang='lat' dir='ltr'><strong>his</strong></span> <span class='ocrx_word' id='word_1_161' title='bbox 462 2027 638 2067; x_wconf 80' lang='lat' dir='ltr'><strong>adducti</strong></span> <span class='ocrx_word' id='word_1_162' title='bbox 665 2021 913 2079; x_wconf 77' lang='grc' dir='ltr'>ἐπίκλητοι,</span> <span class='ocrx_word' id='word_1_163' title='bbox 942 2027 1014 2066; x_wconf 84' lang='lat' dir='ltr'><strong>alii</strong></span> <span class='ocrx_word' id='word_1_164' title='bbox 1047 2020 1254 2082; x_wconf 67' lang='grc' dir='ltr'><strong>ἄκλητοι,</strong></span> <span class='ocrx_word' id='word_1_165' title='bbox 1285 2021 1576 2088; x_wconf 66' lang='grc' dir='ltr'>αὖτόκλῃτοι,</span> 
     </span>
     <span class='ocr_line' id='line_1_24' title="bbox 183 2099 1578 2154; baseline 0.006 -14"><span class='ocrx_word' id='word_1_166' title='bbox 183 2103 392 2148; x_wconf 85' lang='lat' dir='ltr'><strong>invocati,</strong></span> <span class='ocrx_word' id='word_1_167' title='bbox 442 2103 519 2153; x_wconf 89' lang='lat' dir='ltr'><strong>qui</strong></span> <span class='ocrx_word' id='word_1_168' title='bbox 553 2110 711 2153; x_wconf 87' lang='lat' dir='ltr'><strong>sponte</strong></span> <span class='ocrx_word' id='word_1_169' title='bbox 737 2099 815 2139; x_wconf 86' lang='lat' dir='ltr'><strong>sua</strong></span> <span class='ocrx_word' id='word_1_170' title='bbox 840 2102 1063 2149; x_wconf 87' lang='lat' dir='ltr'><strong>venirent,</strong></span> <span class='ocrx_word' id='word_1_171' title='bbox 1111 2104 1234 2154; x_wconf 90' lang='lat' dir='ltr'><strong>quod</strong></span> <span class='ocrx_word' id='word_1_172' title='bbox 1269 2115 1359 2144; x_wconf 85' lang='lat' dir='ltr'><strong>erat</strong></span> <span class='ocrx_word' id='word_1_173' title='bbox 1384 2112 1578 2150; x_wconf 87' lang='lat' dir='ltr'><strong>omnium</strong></span> 
     </span>
     <span class='ocr_line' id='line_1_25' title="bbox 185 2172 1576 2229; baseline 0.005 -17"><span class='ocrx_word' id='word_1_174' title='bbox 185 2176 491 2226; x_wconf 82' lang='lat' dir='ltr'><strong>turpissimum.</strong></span> <span class='ocrx_word' id='word_1_175' title='bbox 530 2173 707 2227; x_wconf 81' lang='lat' dir='ltr'><strong>(fragm.</strong></span> <span class='ocrx_word' id='word_1_176' title='bbox 738 2173 799 2224; x_wconf 88' lang='lat'><strong>1.)</strong></span> <span class='ocrx_word' id='word_1_177' title='bbox 834 2172 1051 2212; x_wconf 79' lang='lat' dir='ltr'><strong>Plutarch.</strong></span> <span class='ocrx_word' id='word_1_178' title='bbox 1087 2174 1284 2229; x_wconf 86' lang='lat' dir='ltr'><strong>Sympos.</strong></span> <span class='ocrx_word' id='word_1_179' title='bbox 1318 2178 1366 2217; x_wconf 92' lang='lat' dir='ltr'><strong>L.</strong></span> <span class='ocrx_word' id='word_1_180' title='bbox 1392 2179 1494 2229; x_wconf 89' lang='lat' dir='ltr'>VII,</span> <span class='ocrx_word' id='word_1_181' title='bbox 1538 2188 1576 2228; x_wconf 87' lang='lat'><strong>5.</strong></span> 
     </span>
     <span class='ocr_line' id='line_1_26' title="bbox 184 2243 1577 2310; baseline 0 -19"><span class='ocrx_word' id='word_1_182' title='bbox 184 2251 237 2291; x_wconf 92' lang='lat' dir='ltr'><strong>T.</strong></span> <span class='ocrx_word' id='word_1_183' title='bbox 256 2250 366 2290; x_wconf 88' lang='lat' dir='ltr'><strong>Vm.</strong></span> <span class='ocrx_word' id='word_1_184' title='bbox 391 2263 434 2303; x_wconf 87' lang='lat' dir='ltr'><strong>p.</strong></span> <span class='ocrx_word' id='word_1_185' title='bbox 453 2255 543 2302; x_wconf 77' lang='lat'><strong>824.</strong></span> <span class='ocrx_word' id='word_1_186' title='bbox 571 2245 861 2303; x_wconf 76' lang='grc' dir='ltr'><strong><em>Θαυμάσαιμι</em></strong></span> <span class='ocrx_word' id='word_1_187' title='bbox 892 2244 928 2287; x_wconf 88' lang='grc' dir='ltr'><strong>δ’</strong></span> <span class='ocrx_word' id='word_1_188' title='bbox 958 2243 1039 2294; x_wconf 66' lang='grc' dir='ltr'><strong>ἄν,</strong></span> <span class='ocrx_word' id='word_1_189' title='bbox 1080 2247 1119 2289; x_wconf 81' lang='grc' dir='ltr'><strong>εἰ</strong></span> <span class='ocrx_word' id='word_1_190' title='bbox 1144 2248 1315 2306; x_wconf 72' lang='grc' dir='ltr'><strong>’χαρίεις</strong></span> <span class='ocrx_word' id='word_1_191' title='bbox 1343 2250 1449 2310; x_wconf 68' lang='grc' dir='ltr'><strong>ἀνὴρ</strong></span> <span class='ocrx_word' id='word_1_192' title='bbox 1490 2252 1577 2297; x_wconf 73' lang='grc' dir='ltr'><strong>ἐπί-</strong></span> 
     </span>
     <span class='ocr_line' id='line_1_27' title="bbox 186 2318 1137 2380; baseline 0.001 -14"><span class='ocrx_word' id='word_1_193' title='bbox 186 2323 352 2380; x_wconf 77' lang='grc' dir='ltr'><strong><em>κλητος</em></strong></span> <span class='ocrx_word' id='word_1_194' title='bbox 378 2321 612 2377; x_wconf 74' lang='grc' dir='ltr'><strong><em>ἀφίκοιτο.</em></strong></span> <span class='ocrx_word' id='word_1_195' title='bbox 650 2321 831 2380; x_wconf 74' lang='grc' dir='ltr'>μᾶλλον</span> <span class='ocrx_word' id='word_1_196' title='bbox 862 2321 896 2365; x_wconf 83' lang='grc' dir='ltr'><strong>δ’</strong></span> <span class='ocrx_word' id='word_1_197' title='bbox 925 2318 1137 2379; x_wconf 69' lang='grc' dir='ltr'><strong><em>ἄκλητος.</em></strong></span> 
     </span>
    </p>

    <p class='ocr_par' dir='ltr' id='par_1_6' title="bbox 189 2404 1586 2841">
     <span class='ocr_line' id='line_1_28' title="bbox 284 2404 1581 2464; baseline 0.005 -18"><span class='ocrx_word' id='word_1_198' title='bbox 284 2404 719 2449; x_wconf 76' lang='grc' dir='ltr'><strong><em>Ἐπεισπαίοντο</em></strong></span> <span class='ocrx_word' id='word_1_199' title='bbox 734 2421 764 2456; x_wconf 83' lang='grc' dir='ltr'><strong>ς.</strong></span> <span class='ocrx_word' id='word_1_200' title='bbox 814 2405 1078 2450; x_wconf 61' lang='lat' dir='ltr'><strong>{retamim-a</strong></span> <span class='ocrx_word' id='word_1_201' title='bbox 1103 2414 1280 2464; x_wconf 80' lang='lat' dir='ltr'><strong>proprie</strong></span> <span class='ocrx_word' id='word_1_202' title='bbox 1308 2412 1581 2452; x_wconf 80' lang='lat' dir='ltr'><strong>de&#39;exercitu</strong></span> 
     </span>
     <span class='ocr_line' id='line_1_29' title="bbox 189 2481 1580 2538; baseline 0.002 -16"><span class='ocrx_word' id='word_1_203' title='bbox 189 2486 237 2523; x_wconf 87' lang='lat' dir='ltr'><strong>in</strong></span> <span class='ocrx_word' id='word_1_204' title='bbox 263 2482 368 2522; x_wconf 81' lang='lat' dir='ltr'><strong>fines</strong></span> <span class='ocrx_word' id='word_1_205' title='bbox 395 2481 583 2523; x_wconf 86' lang='lat' dir='ltr'><strong>hostium</strong></span> <span class='ocrx_word' id='word_1_206' title='bbox 609 2486 817 2523; x_wconf 86' lang='lat' dir='ltr'><strong>irruente.</strong></span> <span class='ocrx_word' id='word_1_207' title='bbox 878 2482 1009 2523; x_wconf 86' lang='lat' dir='ltr'><strong>Unde</strong></span> <span class='ocrx_word' id='word_1_208' title='bbox 1037 2484 1242 2524; x_wconf 87' lang='lat' dir='ltr'><strong>translate</strong></span> <span class='ocrx_word' id='word_1_209' title='bbox 1270 2484 1325 2524; x_wconf 91' lang='lat' dir='ltr'><strong>de</strong></span> <span class='ocrx_word' id='word_1_210' title='bbox 1352 2489 1426 2532; x_wconf 89' lang='lat' dir='ltr'><strong>iis,</strong></span> <span class='ocrx_word' id='word_1_211' title='bbox 1465 2499 1580 2538; x_wconf 85' lang='lat' dir='ltr'><strong>quae</strong></span> 
     </span>
     <span class='ocr_line' id='line_1_30' title="bbox 189 2555 1581 2611; baseline 0.003 -17"><span class='ocrx_word' id='word_1_212' title='bbox 189 2559 410 2608; x_wconf 81' lang='lat' dir='ltr'><strong>insperato</strong></span> <span class='ocrx_word' id='word_1_213' title='bbox 457 2556 585 2594; x_wconf 87' lang='lat' dir='ltr'><strong>alicui</strong></span> <span class='ocrx_word' id='word_1_214' title='bbox 621 2555 882 2611; x_wconf 84' lang='lat' dir='ltr'><strong>obtingunt,</strong></span> <span class='ocrx_word' id='word_1_215' title='bbox 936 2565 1011 2595; x_wconf 82' lang='lat' dir='ltr'><strong>aut</strong></span> <span class='ocrx_word' id='word_1_216' title='bbox 1043 2566 1227 2608; x_wconf 86' lang='lat' dir='ltr'><strong>repente</strong></span> <span class='ocrx_word' id='word_1_217' title='bbox 1273 2560 1581 2598; x_wconf 78' lang='lat' dir='ltr'><strong>interveniunt.</strong></span> 
     </span>
     <span class='ocr_line' id='line_1_31' title="bbox 189 2625 1583 2686; baseline 0.001 -15"><span class='ocrx_word' id='word_1_218' title='bbox 189 2630 470 2682; x_wconf 76' lang='lat' dir='ltr'><strong>Aristophan.</strong></span> <span class='ocrx_word' id='word_1_219' title='bbox 507 2625 680 2671; x_wconf 82' lang='grc' dir='ltr'><strong>Πλούτ.</strong></span> <span class='ocrx_word' id='word_1_220' title='bbox 706 2639 797 2685; x_wconf 75' lang='grc'>804.</span> <span class='ocrx_word' id='word_1_221' title='bbox 833 2628 967 2686; x_wconf 80' lang='grc' dir='ltr'><strong>Ἡμῖν</strong></span> <span class='ocrx_word' id='word_1_222' title='bbox 1008 2629 1094 2685; x_wconf 80' lang='grc' dir='ltr'><strong>γὰρ</strong></span> <span class='ocrx_word' id='word_1_223' title='bbox 1127 2629 1314 2685; x_wconf 72' lang='grc' dir='ltr'><em>ἀγαθῶν</em></span> <span class='ocrx_word' id='word_1_224' title='bbox 1354 2630 1488 2685; x_wconf 79' lang='grc' dir='ltr'><em>σωρὸς</em></span> <span class='ocrx_word' id='word_1_225' title='bbox 1524 2631 1583 2681; x_wconf 81' lang='grc' dir='ltr'><strong>εἰς</strong></span> 
     </span>
     <span class='ocr_line' id='line_1_32' title="bbox 190 2702 1586 2764; baseline 0.003 -18"><span class='ocrx_word' id='word_1_226' title='bbox 190 2703 272 2759; x_wconf 72' lang='grc' dir='ltr'><strong>τὴν</strong></span> <span class='ocrx_word' id='word_1_227' title='bbox 300 2703 442 2746; x_wconf 77' lang='grc' dir='ltr'><strong><em>οἰκίαν</em></strong></span> <span class='ocrx_word' id='word_1_228' title='bbox 463 2702 830 2754; x_wconf 51' lang='lat' dir='ltr'><strong>&#39;Boranga-amm.</strong></span> <span class='ocrx_word' id='word_1_229' title='bbox 881 2711 1028 2751; x_wconf 88' lang='lat' dir='ltr'><strong>Schol.</strong></span> <span class='ocrx_word' id='word_1_230' title='bbox 1055 2705 1354 2762; x_wconf 75' lang='grc' dir='ltr'><em>εἰσεπήδησεν,</em></span> <span class='ocrx_word' id='word_1_231' title='bbox 1383 2706 1586 2764; x_wconf 42' lang='grc' dir='ltr'><strong>εἰσῆλθε*</strong></span> 
     </span>
     <span class='ocr_line' id='line_1_33' title="bbox 194 2778 1464 2841; baseline 0.002 -17"><span class='ocrx_word' id='word_1_232' title='bbox 194 2780 352 2839; x_wconf 75' lang='grc' dir='ltr'><strong><em>κυρίως</em></strong></span> <span class='ocrx_word' id='word_1_233' title='bbox 380 2779 425 2824; x_wconf 78' lang='grc' dir='ltr'><strong>δὲ</strong></span> <span class='ocrx_word' id='word_1_234' title='bbox 450 2778 521 2823; x_wconf 74' lang='grc' dir='ltr'><strong>ἐπὶ</strong></span> <span class='ocrx_word' id='word_1_235' title='bbox 549 2784 724 2839; x_wconf 56' lang='lat' dir='ltr'><strong>§paralis-</strong></span> <span class='ocrx_word' id='word_1_236' title='bbox 751 2781 991 2841; x_wconf 78' lang='grc' dir='ltr'><strong>πολεμίων.</strong></span> <span class='ocrx_word' id='word_1_237' title='bbox 1018 2788 1105 2826; x_wconf 89' lang='lat' dir='ltr'><strong>vid.</strong></span> <span class='ocrx_word' id='word_1_238' title='bbox 1132 2787 1194 2825; x_wconf 88' lang='lat' dir='ltr'><strong>ibi</strong></span> <span class='ocrx_word' id='word_1_239' title='bbox 1219 2787 1464 2827; x_wconf 78' lang='lat' dir='ltr'><strong>Kiisterum.</strong></span> 
     </span>
    </p>

    <p class='ocr_par' dir='ltr' id='par_1_7' title="bbox 998 2861 1082 2899">
     <span class='ocr_line' id='line_1_34' title="bbox 998 2861 1082 2899; baseline -0.024 0"><span class='ocrx_word' id='word_1_240' title='bbox 998 2861 1030 2899; x_wconf 86' lang='lat' dir='ltr'>P</span> <span class='ocrx_word' id='word_1_241' title='bbox 1060 2874 1082 2897; x_wconf 86' lang='lat'><strong>2</strong></span> 
     </span>
    </p>
   </div>
  </div>
 </body>
</html>
