1846 3308
266 393 535 450 θεράποντες
556 387 713 450 ’Ἄρηος
737 396 909 450 Ulysses
930 406 973 436 et
989 397 1228 436 Diomedes
1251 396 1455 438 dicuntur
1471 399 1520 439 11.
1539 412 1579 438 τ.
1595 405 1661 453 47,

268 484 423 527 utpote
451 474 685 516 bellatores
720 477 903 514 maxime
942 477 1120 514 strenui.
1181 475 1230 513 11.
1251 481 1288 528 ὴ.
1315 488 1354 513 ν.
1374 474 1665 526 383.-Soholiq

270 536 460 592 addunt:
505 547 716 606 ὑπηρέται
768 548 849 591 τοῦ
893 543 1068 603 Ἄρεος,
1131 547 1381 604 πολεμικοί.
1463 538 1666 594 Ceterum

269 622 477 684 θεράπων
506 635 634 671 etiam
665 631 720 670 ad
752 631 935 671 aliorum
961 630 1157 670 Deorum
1197 632 1460 678 ministeria,
1507 627 1665 684 'quibus

271 706 366 755 quis
386 704 580 744 addictus
603 715 664 744 est
682 715 725 743 et
745 703 927 751 excellit,
956 717 1086 755 saepe
1106 702 1348 743 adhibetur.
1362 701 1562 758 Theogn.
1575 709 1664 756 747.

269 774 359 831 Χρὴ
389 774 629 820 Μουσῶν
678 776 1011 834 θεράποντα
1062 775 1135 818 καὶ
1166 772 1386 833 ἄγγελον,
1438 774 1482 820 εἴ
1512 793 1556 820 τι
1592 785 1666 821 πἐ·

271 853 416 910 ρισσὸν
437 855 581 912 Elaea,
603 856 774 911 σοφίης,
805 854 866 910 μὴ
888 853 1109 911 φθονερὸν
1136 853 1351 897 τελέθειν.
1403 859 1549 911 Ipsum
1569 874 1667 902 ora-

272 936 417 975 culum
456 935 764 976 Archilochum
802 932 995 976 Μουσῶν
1057 932 1312 989 θεράποντα
1352 941 1533 978 vocavit.
1577 940 1665 980 vid.

272 1014 563 1055 Commentar.
582 1018 618 1066 ᾗ.
639 1015 775 1055 XVII.
796 1024 888 1055 not.
909 1016 963 1066 e).
1017 1017 1213 1056 Socrates
1237 1011 1441 1069 θεράπων
1468 1009 1668 1071 ’Ἑρωτος

272 1087 430 1126 dicitur
457 1088 656 1139 (Maxim.
688 1089 788 1143 Tyr.
815 1090 865 1128 T.
886 1089 919 1128 Ι.
949 1089 1128 1128 Dissert.
1159 1092 1221 1139 24.
1261 1102 1305 1141 p.
1332 1091 1470 1142 459.),
1512 1096 1587 1145 qui
1619 1096 1667 1133 in

270 1165 466 1218 Sympos.
487 1165 694 1218 Xenoph.
713 1165 836 1214 VIII,
869 1181 902 1206 1.
924 1180 970 1206 se
988 1168 1127 1220 ipsum
1151 1176 1194 1205 et
1215 1170 1414 1208 convivas
1441 1163 1667 1219 θιασώτας

263 1232 459 1295 ’Ἑρωτος
488 1258 579 1285 esse
608 1245 725 1284 dicit.

369 1354 417 1393 ’E
432 1368 453 1395 ν
469 1369 493 1396 υ
508 1370 535 1395 α
547 1352 634 1397 Mo
649 1369 694 1397 ιο
734 1351 798 1397 ἄν
811 1370 840 1396 α
852 1370 878 1397 κ
890 1369 950 1398 το
962 1370 992 1404 ς.
1045 1358 1249 1414 Enyalius
1268 1359 1387 1399 idem
1408 1361 1506 1402 cum
1523 1364 1667 1406 Marte

271 1429 532 1484 plerumque
573 1432 758 1472 habetur
795 1442 838 1472 et
883 1447 907 1472 a
943 1432 1240 1471 Grammaticis
1283 1433 1479 1475 traditur.
1521 1435 1668 1478 Schol-

270 1509 320 1549 11.
342 1506 389 1558 β.
416 1511 504 1556 651-
531 1505 749 1561 Ἐνυαλίῳ
783 1504 1073 1563 ἀνδρειφόντῃ
1103 1509 1288 1562 explicat
1314 1507 1382 1562 τῷ
1400 1503 1537 1562 Ἄρει.
1589 1516 1671 1556 Ar..

271 1589 493 1632 chilochus
522 1596 614 1645 ipse
640 1593 790 1646 fragm.
812 1595 875 1643 74.
927 1591 1167 1630 Homerum
1194 1593 1407 1640 imitatus,
1428 1582 1564 1645 ’Ἄρην
1593 1608 1670 1647 ap-

269 1668 430 1722 pellat,
479 1671 554 1721 qui
590 1667 643 1707 ab
672 1668 866 1707 Homero
899 1661 1133 1714 Ἐνυάλιος
1161 1667 1329 1705 dicitur.
1403 1666 1490 1705 Sed
1521 1679 1669 1721 aperte

273 1746 552 1801 distinguitur
578 1761 603 1786 a
622 1747 762 1786 Marte
797 1746 914 1798 apud
935 1742 1211 1799 Aristophan.
1250 1737 1396 1797 Εἰρὴν.
1425 1742 1522 1793 456.
1547 1730 1673 1799 ’Άρεῗ

271 1818 341 1869 δέ;
379 1845 435 1853 --
463 1820 551 1876 μὴ,
590 1819 649 1878 μή
678 1844 732 1852 -
757 1817 979 1874 Ἐνυαλίῳ
1011 1833 1086 1876 γε;
1127 1841 1183 1850 -·
1220 1816 1295 1874 μή.
1364 1821 1452 1862 Ubi
1487 1822 1672 1865 scholia·

271 1912 354 1942 stes
374 1912 520 1942 notat:
547 1898 662 1956 Πρὸς
687 1897 788 1948 τοὺς
807 1897 1028 1954 οἰομένους
1054 1896 1144 1940 τῶν
1175 1894 1396 1954 νεωτέρων
1425 1894 1502 1939 τὸν
1533 1891 1671 1941 αὑτὸν

263 1972 398 2033 ’Ἄρεα
429 1971 537 2019 εἶναι
567 1976 641 2019 καὶ
670 1974 905 2020 Ἐνυάλιον
936 1975 1056 2018 κατὰ
1092 1974 1145 2018 τὸ
1188 1972 1407 2018 ἐπίθετον.
1474 1975 1598 2026 Τινὲς
1627 1974 1672 2020 δὲ

263 2049 415 2110 ’Ἄρεος
438 2052 511 2097 καὶ
531 2055 708 2105 Ἐνυοῦς
731 2054 808 2098 τὸν
828 2052 1063 2098 Ἐνυάλιον
1078 2068 1090 2079 ·
1118 2053 1158 2096 οἱ
1180 2051 1225 2095 δὲ
1245 2053 1417 2109 Κρόνου
1441 2051 1515 2096 καὶ
1535 2051 1671 2104 Ῥέας.

271 2130 508 2187 ’Δλκμόἱνα
539 2133 583 2176 δὲ
613 2133 844 2190 λέγουσιν,
885 2129 961 2176 ὅτε
989 2131 1069 2188 μὲν
1099 2130 1177 2174 τὸν
1209 2128 1346 2179 αὐτὸν
1378 2128 1550 2186 λέγειν,
1593 2127 1671 2174 ὅτε

274 2208 319 2252 δὲ
349 2210 538 2266 διαιρεῖν.
590 2216 645 2254 Et
663 2214 797 2254 schol.
820 2214 875 2254 ad
892 2215 940 2254 11.
960 2227 993 2254 ε.
1013 2227 1049 2252 ν.
1069 2220 1158 2260 555.
1185 2208 1241 2251 Ἡ
1269 2208 1357 2265 γὰρ
1388 2204 1501 2264 αὐτὴ
1527 2206 1670 2251 Ἐνυὼ

274 2286 439 2342 δαίμων
471 2286 528 2340 ὲςὶ
559 2286 805 2344 πολεμικὴ,
848 2279 896 2342 ἧς
926 2287 966 2330 οἱ
996 2283 1197 2344 νεώτεροι
1229 2285 1407 2341 ποιηταὶ
1441 2284 1531 2328 υἱὸν
1562 2279 1673 2328 εἶναι’

274 2366 388 2420 φασι
430 2364 508 2408 τὸν
538 2361 696 2422 Ἄρεα.
762 2365 836 2407 καὶ
876 2363 945 2407 διὰ
980 2363 1115 2406 τοῦτο
1154 2361 1396 2406 καλεῖσθαι
1437 2360 1672 2407 Ἐνυάλιον

272 2444 635 2502 μητρωνυμικῶς.
690 2445 875 2502 Hesych.
904 2438 1157 2491 Ἐνυάλιος·
1203 2435 1400 2499 ο’”Δρης,
1449 2438 1477 2497 ἢ
1518 2439 1541 2484 ὁ
1573 2437 1675 2484 τοῦ-

273 2537 355 2564 του
385 2520 472 2570 υἱὸς
503 2520 573 2564 διὰ
595 2521 674 2577 τὴν
693 2520 851 2564 Ἐνυώ.
902 2526 1090 2565 Munera
1117 2516 1207 2563 e'i'us
1232 2520 1485 2562 Plutarchus
1514 2521 1675 2561 descri-

274 2603 339 2644 bit
371 2600 528 2656 Ἐρωτ.
561 2605 613 2644 Τ.
642 2605 717 2644 ΙΧ.
753 2618 794 2657 p.
826 2596 1013 2650 55s1‘iai
1058 2596 1308 2645 κτείνοντας
1348 2595 1426 2652 μὲν
1467 2590 1556 2654 ἄρα
1597 2593 1674 2637 καὶ

275 2678 578 2734 κτεινομένους
608 2676 893 2735 ἀνθρώπους,
940 2673 1064 2720 ὅπλα
1093 2691 1143 2718 τε
1172 2673 1245 2717 καὶ
1274 2672 1392 2730 βέλη
1424 2672 1498 2715 καὶ
1526 2687 1675 2728 τειχο-

275 2756 448 2813 μαχίας
491 2753 565 2800 καὶ
607 2752 845 2812 λεηλασίας
888 2751 949 2808 ἔςί
989 2769 1055 2806 τις
1098 2751 1272 2810 ἐφορῶν
1320 2750 1395 2795 καὶ
1435 2750 1672 2810 βραβεύων
