1846 3308
329 492 332 496 ’
396 496 818 554 Auctores
885 495 1286 568 Classici,

759 599 804 622 et
843 592 931 622 alii

141 656 462 707 libri
517 655 880 703 latini
971 667 1061 703 et
1148 656 1538 721 graeci,

551 741 634 780 qui
671 743 866 774 venales
904 748 1127 780 prostant

667 802 702 840 L
727 805 742 840 i
768 816 796 854 p
824 817 842 841 s
869 806 884 841 i
913 816 936 841 a
964 816 1013 851 e,

296 875 350 912 in
392 874 610 912 officina
650 873 867 909 libraria
908 873 1114 910 Ioannis
1156 874 1386 910 Sommer.

143 947 366 1003 Aeschinis
399 978 513 1014 opera
547 964 696 1004 omnia,
743 976 831 1000 cum
868 962 1162 1001 Commentariis
1195 963 1356 1001 Hieron.
1386 962 1539 1005 Wolfii,

185 1024 244 1057 Io.
267 1022 446 1070 Taylori,
472 1025 604 1056 Ierem.
629 1019 864 1062 Mnklandi,
891 1025 923 1058 I.
943 1024 973 1059 I.
993 1019 1161 1059 Reiskii,
1190 1030 1227 1054 et
1253 1019 1428 1056 aliorum.
1448 1022 1539 1057 Ace.

183 1079 230 1123 a)
252 1077 438 1112 Matthaei
455 1078 607 1114 libellus
627 1077 672 1111 de
693 1076 876 1112 Aeschine
894 1087 1053 1113 oratore.
1078 1077 1120 1122 b)
1138 1075 1328 1112 Dinarchi
1347 1076 1539 1111 orationes

184 1143 270 1174 tres,
299 1147 385 1169 cum
403 1145 587 1170 annotatt.
611 1134 716 1168 Hier.
731 1132 869 1169 Wolfii
886 1134 930 1168 ad
947 1133 1109 1182 primam
1129 1132 1262 1172 solam,
1288 1133 1319 1167 1.
1341 1135 1370 1167 1.
1386 1131 1535 1166 Reiskii

186 1188 232 1224 ad
259 1201 403 1225 omnes.
432 1193 479 1237 c)
498 1190 670 1238 Lycurgi
692 1189 835 1228 oratio,
878 1201 965 1223 cum
987 1188 1297 1224 annotationibus
1316 1186 1475 1234 Taylori
1502 1197 1540 1222 et

184 1246 346 1282 Reiskii.
378 1247 419 1292 d)
442 1245 624 1282 Demadis
643 1245 895 1294 fragmentum
912 1271 922 1284 ,
948 1257 1033 1279 cum
1054 1243 1366 1280 annotationibus
1386 1245 1428 1278 Io
1447 1243 1540 1278 Got-

184 1300 278 1337 iridi
294 1303 565 1350 Hauptmanni‚
592 1300 835 1349 eiusdemque
855 1301 900 1336 de
915 1300 1084 1335 Demade
1104 1299 1380 1340 dissertatione,
1407 1301 1444 1345 e)
1463 1301 1539 1336 An·

184 1357 332 1393 docidis
361 1359 552 1394 orationes
588 1367 772 1405 quatuor,
808 1370 897 1392 cum
927 1357 1239 1392 annotationibus
1264 1358 1296 1391 Ι.
1324 1357 1356 1390 1.
1376 1352 1538 1390 Reiskii.

185 1412 218 1458 O
233 1413 442 1462 Epilogus,
477 1414 521 1448 in
542 1425 642 1461 quo,
677 1424 822 1461 praeter
842 1413 914 1448 alia
931 1413 1100 1455 minora,
1133 1412 1285 1448 Zosimi
1300 1409 1539 1447 Ascalonitae

186 1479 224 1504 et
245 1469 343 1505 alius
363 1469 562 1517 Anonymi
581 1469 683 1503 vitae
703 1470 974 1506 Demosthenis
993 1481 1155 1517 graecae,
1179 1481 1301 1516 nuper
1316 1467 1439 1502 adhuc
1456 1466 1557 1518 {¹¹02
1581 1497 1598 1510 „v

185 1525 306 1567 ditae,
333 1527 561 1575 produntur.
604 1525 710 1564 Voll.
731 1528 781 1563 11.
820 1531 856 1571 8.
875 1526 964 1562 mai.
988 1532 1011 1570 8
1033 1524 1143 1565 thlr.,
1168 1524 1297 1560 charta
1319 1523 1536 1572 scriptoria,

1383 1588 1426 1613 ²2
1445 1578 1537 1618 thlr.
1592 1615 1599 1625 ,

141 1636 187 1673 de
225 1637 410 1686 Aeschyli
441 1638 585 1678 Persis,
617 1636 808 1674 Diatribe.
853 1641 1022 1676 Auctore
1053 1638 1098 1674 C.
1135 1637 1183 1677 G,
1216 1633 1387 1672 Siebelis.
1435 1639 1538 1693 1794.

186 1700 221 1738 8.
245 1694 338 1730 mai.
1416 1700 1459 1725 12
1478 1704 1536 1739 gr.
1573 1694 1586 1707 ⁹

138 1751 309 1789 Δι’σωτου
339 1753 482 1788 Mosen.
538 1749 699 1785 Fabulae
719 1750 923 1799 Aesopicae
944 1750 1103 1790 Graece,
1141 1761 1235 1797 quae
1260 1748 1433 1783 Maximo
1455 1746 1536 1782 Pla-

185 1806 282 1841 nudi
310 1805 546 1841 tribuuntur.
602 1807 701 1842 Cum
732 1809 788 1843 Io.
819 1806 1000 1841 Hudsoni
1030 1816 1068 1841 et
1086 1807 1142 1840 Io.
1161 1803 1284 1839 Mich.
1304 1802 1537 1851 Heusingeri

186 1862 313 1901 notis,
360 1872 472 1910 atque
496 1862 623 1898 indice
654 1863 861 1898 verborum
889 1860 1204 1909 locupletissimo,
1268 1858 1403 1893 Editio
1431 1870 1535 1893 nova

184 1916 309 1951 multo
328 1917 565 1953 emendatior
579 1928 759 1966 auctaque
781 1917 1044 1966 supplemento
1062 1915 1274 1951 fabularum
1292 1925 1329 1950 et
1342 1925 1532 1950 notarum.

187 1974 287 2009 Cura
307 1974 353 2009 G.
371 1975 421 2009 H.
443 1974 627 2009 Schaefer.
676 1980 778 2018 1810.
823 1979 858 2018 8.
908 1986 925 2007 1
946 1972 1037 2010 thlr.
1061 1982 1104 2007 12
1121 1985 1192 2021 gr„
1225 1971 1353 2007 charta
1370 1971 1532 2020 belgica,

184 2039 208 2064 2
230 2029 343 2070 thlr.,
392 2029 519 2065 charta
540 2043 784 2079 pergamena.
1256 2037 1280 2062 2
1298 2026 1388 2062 thlr.
1414 2027 1457 2063 16
1472 2040 1532 2076 gr.

137 2087 307 2124 Αἴσωπον
330 2089 469 2124 Μυθοι.
517 2085 677 2121 Fabulae
696 2085 903 2134 Aesopicae
931 2085 1114 2125 Graecae,
1139 2096 1232 2132 quae
1255 2083 1429 2131 Maximo
1449 2082 1530 2118 Pla·

184 2143 281 2179 nudi
299 2142 534 2178 tribuuntur.
580 2143 639 2176 Ex
668 2142 886 2177 recensione
919 2142 961 2175 Io
993 2138 1118 2176 Mich.
1141 2139 1385 2187 Heusingeri.
1431 2139 1532 2174 Cum

183 2199 310 2235 indice
329 2198 535 2234 verborum
551 2196 871 2245 locupletissimo.
917 2196 1052 2232 Editio
1072 2209 1193 2236 nova,
1216 2195 1342 2230 multo
1362 2194 1532 2230 emenda·

184 2255 263 2291 tior
291 2264 473 2301 auctaque
502 2253 765 2302 supplemento
795 2251 1022 2288 fabularum.
1079 2253 1127 2286 In
1155 2264 1270 2287 usum
1297 2250 1528 2287 scholarum.

184 2312 285 2347 Cura
307 2311 353 2346 G.
373 2311 422 2344 H.
443 2309 625 2347 Schaefer.
675 2315 777 2352 18¹0·
823 2314 859 2351 8.
1410 2313 1455 2351 14
1471 2321 1527 2356 gr.

140 2367 331 2404 Antonini
366 2365 554 2402 Liberalis
589 2363 979 2400 Transformationem
1015 2364 1220 2412 congeries.
1291 2364 1389 2400 Cum
1425 2363 1529 2399 notis

152 2453 156 2459 .
184 2422 289 2459 Guil.
313 2421 526 2469 Xylandri,
560 2421 661 2463 Abr,
694 2419 875 2457 Rea-helii.
895 2421 1064 2456 Thomae
1086 2419 1287 2461 Munkeri,
1321 2430 1357 2454 et
1372 2418 1531 2454 Henrici

184 2476 409 2526 Verheykii.
462 2480 711 2514 Accesserant
728 2478 871 2526 Aesopi
887 2477 1047 2513 Fabulae
1080 2476 1246 2524 aliquot,
1285 2489 1379 2525 quae
1398 2476 1442 2511 in
1458 2477 1528 2512 Ae·

183 2547 383 2583 sopearum
400 2533 638 2569 editionibus
658 2533 760 2569 haud
777 2533 967 2582 leguntur,
983 2543 1020 2569 et
1029 2532 1162 2568 Babrii
1180 2532 1397 2569 nonnullae.
1423 2541 1526 2580 ²79¹·

181 2596 218 2634 8.
242 2589 332 2624 mai.
1405 2599 1452 2623 20
1471 2600 1528 2634 gr.

136 2646 326 2684 Antonini
354 2644 542 2681 Liberalis
573 2645 969 2682 Transformationum
1000 2645 1218 2694 congeries,
1251 2656 1402 2692 graece,
1439 2656 1527 2679 cum

185 2702 346 2738 Gabriae
384 2700 521 2736 fabulis
558 2701 805 2741 tetrastichis,
846 2712 883 2737 et
906 2701 1039 2738 Babrii
1076 2699 1287 2736 nonnullis.
1340 2703 1385 2735 In
1414 2713 1531 2740 usum

187 2757 424 2794 Scholarum.
472 2757 573 2801 1806.
618 2754 653 2800 8.
701 2763 723 2800 4
746 2770 825 2806 gr„
874 2757 1001 2794 charta
1021 2755 1243 2805 scriptoria,
1430 2764 1453 2800 ὅ
1470 2770 1528 2804 gr.

1613 1506 1633 1526 ἢ
