1846 3308
836 302 905 312 .-..
979 283 1073 333 188
1140 301 1208 311 --.

328 411 478 468 φωνῆς
514 407 676 454 ἔνδειαν
705 403 946 460 ἐνεδὲξατο.
998 410 1200 468 κρεῖττον
1230 407 1275 451 δέ
1307 405 1390 461 ἑςιν
1420 408 1580 457 εἰπεῖν,
1629 405 1716 457 ὅτι,

327 488 471 545 ὥσπερ
493 488 613 545 παρὰ
634 487 685 531 τὸ
708 487 814 531 οἰκῶ
841 487 1007 543 γίνεται
1027 487 1219 544 οἰκέτης,
1253 486 1327 529 καὶ
1346 487 1478 543 γαμῶ
1508 486 1718 544 γαμέτης,

328 566 448 612 οὕτω
477 568 552 610 καὶ
572 565 692 623 παρὰ
714 565 766 609 τὸ
792 564 917 621 φιλῶ
948 563 1150 623 φιλέτης,
1182 566 1225 609 ἐν
1243 564 1418 608 ἐκτάσει
1439 564 1482 607 δὲ
1502 565 1581 608 τοῦ
1606 582 1619 607 ι
1642 563 1716 608 καὶ

327 646 471 704 τροπῇ
492 644 571 689 τοῦ
595 662 614 689 ε
632 644 690 695 εἰς
711 660 734 698 η
751 674 762 692 ,
793 643 913 699 παρὰ
939 643 1020 687 τοῦ
1053 642 1290 698 φιλεῖσθαι
1323 642 1422 686 κατ’
1452 642 1716 700 ἂντὶφρασιν

327 723 349 768 ὁ
372 722 642 780 μισούμενος.
693 726 761 766 Ab
809 725 890 764 hae
936 739 1041 765 voce
1081 725 1274 765 Turneb.
1315 725 1540 766 Adversar.
1575 732 1650 775 81,
1677 730 1716 771 5.

327 803 577 842 Latinorum
595 813 717 840 voces
739 798 876 851 pilare
898 807 942 837 et
967 798 1196 850 compilare
1217 809 1327 839 ortas
1349 814 1440 840 esse
1459 808 1594 852 putat.
1632 799 1719 838 Oc-

328 878 460 915 currit
487 889 538 914 ea
568 876 694 913 etiam
718 872 877 926 Hymn.
909 874 956 910 in
975 872 1164 910 Mercur.
1186 885 1225 911 v,
1244 873 1317 921 66,
1346 886 1433 925 229.
1465 882 1507 912 et
1527 874 1716 923 saepius,

324 949 471 999 Eurip.
501 946 631 986 Rhes-
661 959 699 985 v.
720 958 806 996 2¹7·
833 943 1032 998 Aeschyl.
1057 943 1251 997 Choeph.
1271 959 1308 984 v.
1328 952 1416 998 998.
1468 946 1566 998 Ipsa
1595 947 1719 984 resti-

328 1021 492 1060 tuenda
513 1032 691 1072 quoque
715 1021 1012 1072 epigrammati
1029 1017 1274 1069 Diophanis
1290 1018 1417 1059 Anal.
1428 1019 1478 1058 T.
1490 1019 1543 1058 H.
1560 1032 1604 1071 p.
1626 1024 1716 1070 259.

322 1111 361 1137 ν.
384 1112 417 1137 1.
446 1098 547 1137 loco
575 1089 768 1148 ψιλήςης
795 1095 864 1135 vel
890 1089 1102 1147 ψιλὴτης.

545 1167 742 1226 Φιλήτης
770 1168 791 1212 ὁ
814 1166 959 1225 ’Έρως
987 1166 1162 1211 καλοῖτ’
1194 1167 1248 1211 ἂν
1278 1164 1429 1221 ὅντως,

541 1246 798 1304 ’Δγνυπνεῖ,
828 1244 993 1305 θρασύς
1022 1246 1130 1300 iqua,
1163 1243 1417 1291 ἒκδιδύσκει.

325 1324 409 1365 Sed
434 1323 519 1365 hoc
539 1327 624 1364 iam
649 1324 992 1364 animadversum
1021 1328 1198 1364 invenio
1226 1327 1273 1364 in
1294 1324 1500 1365 Biblioth.
1530 1325 1715 1380 elegant.

327 1406 482 1442 artium
515 1411 558 1440 et
586 1401 825 1441 litterarum
850 1402 902 1440 T.
918 1401 1069 1440 LXIV.
1098 1416 1140 1455 p.
1159 1415 1247 1455 227.
1296 1397 1536 1456 ’Δγρυπνεῖ
1559 1418 1718 1444 conve-

324 1482 390 1518 nit
419 1493 516 1517 cum
547 1476 796 1518 Archilochi
823 1473 994 1534 νύκτωρ
1018 1475 1114 1533 περὶ
1135 1475 1266 1519 πόλιν
1284 1474 1580 1521 σκυλεύεσθαι.
1623 1482 1719 1522 Ηιι-

323 1551 514 1591 iusmodi
547 1551 619 1590 fur
662 1562 918 1601 nocturnus,
971 1556 1018 1593 in
1059 1567 1188 1607 quem
1236 1554 1410 1609 elegans
1455 1558 1717 1610 epigramma

323 1624 511 1677 Philippi
536 1623 786 1664 Thessalon.
827 1635 960 1665 exstat
995 1626 1118 1666 Anal.
1161 1627 1213 1666 T.
1231 1627 1285 1666 II.
1323 1641 1367 1680 p.
1404 1635 1501 1675 223,
1550 1631 1716 1680 quique

322 1707 503 1750 propter
522 1697 659 1746 furta,
688 1697 845 1750 quibus
867 1699 1086 1754 invigilat,
1114 1713 1208 1739 non
1234 1710 1392 1750 noctu,
1420 1700 1500 1740 sed
1524 1700 1717 1740 interdiu

323 1775 507 1823 dormit,
533 1775 637 1815 ideo
658 1774 711 1814 ab
731 1775 928 1816 Hesiodo
956 1770 1237 1829 ἡμερόκοιτος
1261 1788 1460 1819 vocatur:

378 1848 570 1904 Μήποτέ
605 1846 642 1890 σ’
669 1845 948 1907 ἡμερόκοιτος
979 1849 1085 1909 ἀνὴρ
1117 1851 1203 1895 ἀπὸ
1245 1851 1450 1909 χρήμαθ’
1487 1848 1659 1910 ἕληται.

432 1925 815 1983 Πωλευμὲνῳ.
879 1933 949 1971 Sic
990 1947 1070 1985 pro
1119 1928 1379 1987 πολευμὲνςυ
1415 1937 1618 1987 reposui,
1667 1943 1717 1974 ut

323 2017 422 2043 cum
440 2004 592 2058 fragm.
610 2011 648 2050 5.
670 2007 935 2053 consentiat,
963 2019 1093 2058 quam
1112 2011 1365 2060 scripturam
1387 2017 1431 2047 et
1447 2007 1516 2047 lex
1537 2010 1716 2060 antiqua

322 2079 451 2115 attica
479 2086 522 2116 et
541 2077 723 2118 Homeri
745 2084 845 2117 us'us
873 2078 1044 2131 probat.

907 2295 1123 2340 LXXIV.

380 2382 560 2460 Ἕρξω
604 2417 672 2428 ·-
704 2417 773 2427 —-
808 2388 1059 2455 ἐτήτυμον
1092 2389 1194 2462 γὰρ
1232 2386 1382 2451 ξυνὸς
1418 2389 1714 2462 ἀνθρώποις

1086 2480 1251 2551 Ἄρης.

380 2620 547 2682 Agam
581 2615 735 2682 igitur
745 2633 760 2672 ;
804 2633 972 2666 revera
1007 2617 1143 2665 enim
1179 2618 1460 2668 communis
1494 2619 1713 2669 homini-

1091 2708 1187 2756 bus
1220 2712 1374 2760 Mars,
