1846 3308
679 310 1054 361 -163—

170 457 350 492 0mnes‚
394 453 445 482 ut
475 442 669 489 videtur,
708 438 884 478 'fabulas
910 437 1114 488 Aesopo,
1161 448 1274 488 quae
1317 438 1408 492 eius
1442 451 1565 478 more

172 519 442 569 compositae
473 523 639 561 essent,
676 515 736 550 ita
753 520 804 549 ut
823 508 1104 550 Philostratus
1130 507 1159 546 l.
1180 521 1215 546 c.
1239 518 1357 549 recte
1378 510 1565 554 diceret:

174 589 392 640 Φοιτῶσιν
421 587 461 631 οἱ
484 586 622 642 μῦθοι
648 582 769 640 παρὰ
797 581 875 625 τὸν
900 578 1102 623 Αἴσωπον
1128 580 1386 636 ἀγαπῶντες
1412 578 1566 636 αὐτὸν,

118 696 121 700 »
170 665 243 711 ὅτι
265 661 415 710 αὐτῶν
436 660 724 719 ἐπιμελεῖται.
776 664 921 716 Atque
943 664 1003 700 sic
1022 666 1151 700 etiam
1171 661 1417 703 fabularum
1435 668 1566 708 Aeso-

172 747 367 798 picarum
390 741 590 781 collectio
614 739 729 777 facta
755 749 847 775 esse
866 735 1061 782 videtur,
1089 744 1139 773 ut
1159 735 1378 787 quidquid
1397 738 1566 781 fabula-

172 831 268 857 rum
292 815 441 854 talium
461 820 731 857 occurreret,
760 812 807 848 in
829 822 929 847 eum
949 808 1232 846 conferretur.
1284 808 1397 848 Nam
1418 815 1463 850 in
1484 812 1565 853 hae

172 893 266 942 ipsa
293 886 554 927 collectione
585 881 735 922 fabula
763 882 819 921 de
846 881 978 933 vulpe
1010 889 1054 919 et
1083 879 1227 932 aquila
1254 883 1392 932 pn‘ma
1423 889 1565 926 statim

175 973 261 1007 est,
304 970 347 1000 et
376 968 519 1011 aptam
548 956 605 995 ad
644 953 937 1008 castigandam
964 951 1190 1005 perfidiam
1216 953 1460 1006 Lycambae
1487 958 1567 998 d0-

176 1042 355 1079 ctrinam
378 1038 587 1076 continet.
631 1026 779 1079 Ἀετὸς
806 1026 880 1071 καὶ
910 1020 1102 1081 ἀλώπηξ
1132 1025 1425 1081 φιλιωθέντες
1454 1029 1567 1087 πλη-

174 1112 265 1155 σιόν
305 1108 522 1166 ἀλλήλων
561 1108 695 1151 οἰκεῖν
736 1104 931 1162 ἔγνωσαν
975 1121 1017 1147 κ.
1055 1119 1096 1146 τ.
1138 1102 1182 1146 λ.
1222 1123 1335 1162 quae
1363 1111 1487 1159 vide,
1523 1121 1567 1151 et

173 1188 418 1229 Phaedrum
427 1214 442 1235 ,
489 1188 565 1239 qui
602 1184 788 1224 eandem
824 1198 903 1224 suo
942 1181 1077 1222 modo
1118 1192 1266 1221 narrat
1299 1182 1347 1221 L.
1378 1183 1410 1222 I.
1445 1185 1473 1223 f.
1503 1192 1565 1232 28.

173 1265 368 1305 Similem
390 1263 445 1302 de
464 1263 593 1316 vulpe
615 1272 657 1302 et
676 1260 822 1315 aquila
841 1260 1035 1300 fabulam
1058 1258 1173 1298 doct.
1194 1258 1400 1299 Huschke
1422 1275 1445 1300 e
1469 1262 1567 1301 cod.

172 1339 428 1392 Augustano
460 1336 600 1376 adfert
628 1338 675 1374 in
699 1333 883 1373 Miscell.
912 1331 1125 1385 philolog.
1157 1332 1202 1370 P.
1234 1332 1266 1370 Ι.
1292 1346 1335 1385 p.
1366 1333 1403 1373 6.
1437 1348 1569 1388 quam

177 1416 360 1456 consilio
383 1412 632 1454 Archilochi
648 1412 891 1467 Lycambae
910 1409 1137 1464 perfidiam
1166 1413 1409 1463 castigantis
1436 1412 1569 1464 plane

177 1491 412 1528 convenire
445 1487 622 1526 iudicat.
691 1486 798 1524 Eam
826 1483 897 1523 hic
932 1484 1144 1522 adiectam
1168 1482 1323 1536 legisse
1350 1484 1568 1524 studiosos

178 1565 328 1604 talium
358 1577 502 1604 rerum
532 1576 626 1602 non
648 1565 929 1615 poenituerit.
957 1555 1105 1608 ’Δετὸς
1133 1556 1207 1599 καὶ
1248 1551 1460 1612 ἀλώπηξ,
1497 1558 1570 1614 φι-

178 1636 273 1680 λεῖν
302 1635 520 1687 ἀλλήλοις
542 1636 815 1692 συνθέμενοι,
854 1633 1042 1690 πλησίον
1074 1634 1244 1678 ἑαυτῶν
1274 1635 1408 1677 οἰκεῖν
1440 1632 1570 1691 ἔγνω·

178 1733 281 1772 σαν,
328 1719 571 1771 βεβαίωσιν
602 1718 758 1774 φιλίας
794 1717 875 1774 τὴν
905 1719 1139 1775 συνήθειαν
1175 1716 1442 1774 ποιούμενοι.
1481 1718 1570 1760 Καὶ

182 1797 232 1851 δὴ
264 1797 286 1840 ὁ
318 1795 397 1853 μὲν
428 1795 597 1849 ἀναβὰς
625 1796 695 1839 ἐπὶ
731 1812 775 1838 τι
806 1796 1041 1853 περίμηκες
1078 1796 1246 1856 δένδρον
1274 1795 1572 1851 ἐνεοττοποιὴ-

180 1888 316 1917 σατο·
357 1871 383 1930 ἣ
431 1873 475 1916 δὲ
525 1872 790 1917 εἰσελθοῦσα
841 1875 899 1925 εἰς
947 1875 1025 1918 τὸν
1073 1870 1358 1931 ὑποκείμενον
1396 1874 1572 1929 ,θάμνον

180 1953 342 1998 ἔτεκεν.
398 1948 700 2012 Ἐξελθοὺσης
728 1955 773 1999 δέ
800 1972 909 2000 ποτε
938 1951 1074 2013 αὐτῆς
1102 1955 1171 2000 ἐπὶ
1203 1958 1354 2016 νομὴν,
1398 1956 1419 1999 ὁ
1451 1955 1574 2005 ἀετὸς

181 2032 359 2095 ἀπορῶν
388 2033 573 2090 τροφῆς,
611 2034 844 2085 καταπτὰς
866 2035 924 2086 εἷς
952 2034 1029 2078 τὸν
1058 2036 1247 2092 θάμνον,
1287 2034 1362 2078 καὶ
1392 2031 1451 2076 τὰ
1480 2046 1574 2089 γεν-

181 2114 359 2170 νήματα
412 2114 689 2173 ἀναρπάσας,
741 2106 858 2173 μετὰ
906 2116 997 2159 τῶν
1030 2113 1173 2160 ἀὑτοῦ
1213 2118 1406 2162 νεοττῶν
1448 2132 1576 2159 κατε-

180 2191 436 2248 θοινήσατο.
502 2191 560 2233 Ἡ
590 2192 635 2236 δὲ
665 2189 856 2251 ἀλώπηξ
885 2193 1218 2244 ἐπανελθοῦσα,
1282 2192 1336 2249 ὥς
1378 2193 1490 2252 ἔγνω
1522 2192 1575 2237 τό

180 2275 413 2332 πραχθὲν,
472 2267 524 2317 οὗ
574 2274 755 2331 μᾶλλον
806 2275 875 2320 ἐπὶ
913 2277 983 2333 τῷ
1018 2278 1108 2320 τῶν
1156 2278 1348 2322 νεοττῶν
1390 2273 1577 2331 θανάτῳ

183 2350 414 2408 ἐλυπήθη,
456 2349 559 2396 ὅσον
589 2351 657 2395 ἐπὶ
685 2355 744 2410 τῆ
782 2351 951 2411 ἀμύνη·
992 2355 1183 2414 χερσαῖα
1210 2356 1296 2415 γὰρ
1329 2347 1441 2398 οὖσα
1469 2369 1578 2408 πτη-

185 2428 258 2471 νὸν
298 2429 465 2474 διώκειν
506 2426 720 2486 {fiumina
797 2430 879 2474 Διὸ
917 2432 1144 2492 πόῤῥωθεν
1186 2435 1322 2487 ςᾶσα,
1378 2429 1406 2476 0⁰
1445 2432 1578 2488 μόνον

184 2507 277 2556 τοῖς
314 2507 515 2551 ἀσθενέσι
554 2508 628 2550 καὶ
669 2508 897 2561 ἀδυνάτοις
936 2506 1252 2560 ὑπολείπεται,
1307 2510 1376 2566 τῷ
1421 2506 1581 2564 ἐχθρῷ

187 2585 428 2638 κατηρᾶτο.
494 2586 675 2643 Συνέβη
712 2586 746 2629 δ’
774 2583 901 2644 αὐτῷ
927 2594 981 2645 (f.
1015 2588 1163 2644 ἀετῷ)
1199 2590 1274 2644 τῆς
1307 2589 1365 2636 εἰς
1399 2586 1478 2640 τὴν
1509 2584 1582 2637 Φι-

186 2657 289 2701 λίαν
321 2658 521 2713 ἀσεβείας
550 2657 721 2718 οὖκμεῖς
747 2665 924 2724 μακρὰν
953 2666 1074 2722 δίκην
1105 2661 1380 2726 ὑποσχεῖνξ)
1444 2664 1579 2710 Θυόν·

240 2807 274 2847 ’)
302 2809 358 2838 Sic
377 2818 440 2847 pro
461 2807 540 2852 δίκη
565 2807 631 2845 ὕπο
652 2827 687 2834 —-
710 2828 745 2835 —
767 2812 951 2851 legendum
975 2822 1008 2844 et
1031 2815 1193 2843 lacunam
1216 2816 1421 2853 explendam
1445 2827 1581 2849 censeo.

996 2879 1080 2915 L2
