1846 3308
374 750 663 811 LOCA
740 745 1276 829 QUAEDAM

126 860 296 908 VEL
355 854 770 902 INGERTA
820 852 985 898 VEL
1040 850 1518 897 ADMODUM

130 946 510 997 CORRUPTA
563 944 703 990 VEL
766 942 989 988 FALSO
1046 941 1515 989 ARCHILOCHO

239 1036 596 1084 TRIBUTA
642 1034 799 1078 AUT
836 1033 997 1078 ILLI
1038 1032 1406 1079 ADFICTA.

701 1251 955 1296 CLXXVI.

220 1319 366 1401 Terg
401 1338 490 1402 μὲν
525 1337 799 1389 τεθνεῶσιν
829 1336 969 1395 ἔλεος
1002 1334 1211 1397 ἐπιεικὴς
1238 1337 1383 1397 θεός·

222 1431 342 1492 Τοῖς
360 1430 497 1490 ζῶσι
518 1430 560 1479 δ’
583 1426 756 1500 ἕτερον
780 1425 1156 1487 ἀνοσιώτατον,
1192 1428 1406 1493 φθόνος.

233 1566 446 1606 stobaeus
473 1565 671 1603 Sermon.
700 1560 949 1602 CCXXIIII.
980 1557 1027 1613 Ρ.
1049 1561 1137 1603 618.
1197 1560 1357 1600 Versus
1399 1576 1521 1617 egre-

138 1643 235 1694 giae
261 1640 530 1684 sententiae,
581 1646 625 1675 et
647 1628 909 1675 Archilocho
938 1633 1121 1687 dignae,
1165 1632 1245 1672 sed
1278 1636 1360 1685 ipsi
1388 1635 1522 1677 dubie

135 1722 304 1752 tantum
326 1710 529 1762 adscripti
554 1711 601 1748 in
620 1710 814 1761 margine
832 1709 915 1746 sic:
942 1704 1203 1746 Archilochi.
1227 1705 1281 1745 al.
1298 1707 1518 1749 Timoclis.

689 1898 966 1945 CLXXVII.

231 1986 497 2046 Θαργήλια,
533 1984 819 2035 ’Λπόλλωνος
846 1982 974 2041 ἑορτὴ
1004 1982 1079 2026 καὶ
1108 1982 1226 2036 ὅλως
1249 1982 1273 2028 ὅ
1300 1984 1386 2043 μὴν
1417 1987 1525 2045 ἱερὸς

134 2067 217 2112 τοῦ
255 2066 378 2110 θεοῦ.
445 2065 521 2107 Ἐν
552 2064 597 2107 δὲ
633 2064 726 2115 τοῖς
748 2060 1030 2120 Θαργηλίοις
1066 2061 1147 2113 τὰς
1185 2061 1396 2121 ἀπαρχὰς
1434 2066 1525 2109 τῶν

136 2143 376 2202 φυομένων
405 2147 488 2197 (sic
514 2146 639 2185 Voss.
676 2153 719 2183 et
752 2143 865 2183 Iens.
901 2156 983 2195 pro
1011 2130 1333 2197 φαινομένων)
1356 2143 1526 2187 ποιοῦν·

135 2238 211 2265 τω
241 2220 316 2264 καὶ
345 2215 722 2276 περικσμίζουσιν·
757 2240 813 2250 -
841 2215 916 2259 καὶ
945 2214 1218 2275 ’Λρχίλοχος
1247 2218 1408 2275 φησίν·
1462 2219 1528 2264 Ὢ

138 2299 247 2358 φαίε
277 2294 379 2355 ἄγει
406 2295 466 2340 τὰ
497 2292 744 2352 Θαργήλια.
797 2296 983 2352 Hesych.>
1010 2312 1049 2338 v.
1077 2295 1323 2354 Θαργήλια.

211 2382 344 2421 Varie
359 2380 477 2420 hunc
492 2378 634 2417 locum
651 2385 873 2415 tentarunt
890 2378 1163 2428 interpretes,
1181 2378 1287 2419 alius
1308 2374 1529 2432 φωσφόρα

140 2454 215 2499 νῦν
240 2450 325 2510 ἆγε
347 2453 407 2496 τὰ
426 2448 685 2509 Θαργήλια,
715 2453 822 2493 alius
850 2448 994 2504 φατὲ,
1029 2453 1099 2493 vel
1128 2458 1257 2495 etiam
1285 2449 1428 2506 φαιὰν
1459 2443 1529 2499 ὅν.

141 2544 255 2586 quae
272 2543 373 2570 vero
388 2532 532 2570 omnia
550 2541 639 2569 non
657 2526 936 2567 satisfaciunt.
946 2526 1013 2566 Cl.
1026 2525 1190 2568 Schow.
1208 2529 1344 2568 inMs.
1364 2531 1532 2569 invenit

142 2604 289 2660 φαίεν.
318 2605 438 2659 Quid
455 2609 600 2660 igitur,
622 2608 656 2644 si
676 2604 819 2657 legas:
846 2596 904 2650 ὦς
922 2598 1066 2655 Φαείν’
1084 2597 1184 2657 ἄγει
1205 2600 1264 2644 τὰ
1280 2599 1530 2660 Θαργήλια,

141 2685 212 2725 vel
226 2678 381 2737 φαὲνν’
398 2675 498 2735 ἄγει
511 2703 558 2714 -
571 2695 703 2736 quam
721 2680 953 2734 splendide
966 2682 1036 2722 vel
1051 2683 1283 2736 splendida
1302 2682 1534 2738 agitThar·
1586 2661 1589 2665 -

144 2757 278 2812 gelia!
308 2757 379 2797 De
396 2754 638 2810 Thargeliis
655 2754 755 2795 vide
772 2753 986 2795 Plutarch.
1003 2757 1057 2796 Τ.
1074 2757 1189 2798 VIII.
1219 2771 1263 2811 p.
1282 2756 1382 2805 865)
1410 2769 1450 2809 9.
1472 2770 1533 2798 ιο.

978 2830 1018 2870 R
