1846 3308
683 295 1052 344 ...113-

165 424 358 481 βαίνειν,
396 427 580 468 diductis
612 433 684 464 aut
714 423 952 462 divaricatis
985 420 1177 462 cruribus
1206 431 1316 462 stare
1346 423 1416 462 vel
1443 425 1558 463 ince-

169 505 289 552 dere,
310 502 394 550 vel,
417 509 466 540 ut
479 497 631 538 Iacobs
654 496 850 548 explicat,
872 499 987 534 inter
1005 496 1197 534 eundum
1216 495 1351 547 pedes
1373 496 1457 536 alte
1479 497 1561 537 tol-

167 578 259 617 lere
300 586 343 615 et
378 564 512 615 veluti
549 569 775 610 saltantem
807 578 849 607 et
883 565 1122 622 rhythmice
1154 566 1373 607 incedere.
1445 570 1560 609 Hinc

168 653 286 694 idem
324 648 586 705 Hesychius:
634 639 943 697 Διαπέπλιχε·
986 638 1239 695 διαβέβηκε.
1298 635 1558 690 Πλίξαντα·

171 725 403 779 διαβάντα.
459 720 735 763 Πλίσσοντο·
775 717 1014 772 διέβαινον.
1054 721 1175 775 quod
1214 716 1559 775 Odyss.<.518.

171 811 376 851 occurrit:
414 801 467 842 A}
486 798 521 841 δ’
538 790 588 842 εὖ
610 797 688 854 μὲν
710 797 924 854 τρώχων,
955 787 1004 838 εὖ
1024 794 1067 838 δὲ
1086 794 1325 838 πλίσσοντο
1345 796 1561 849 πόδεσσιν.

170 886 304 927 schol.
333 878 563 932 διέβαινον.
589 878 782 920 Eustath.
810 872 863 916 τὸ
893 872 937 916 δὲ
966 872 1165 916 πλίσσειν
1196 867 1317 924 λέξις
1357 874 1437 931 μέν
1475 874 1560 929 έςιν

171 957 345 1014 ἰωνικὴ,
374 953 494 999 κατὰ
525 954 569 997 δὲ
600 949 701 1004 τους
724 950 928 1002 πλείονας
952 950 1125 1009 δωρικὴ.
1166 949 1294 1006 δηλοῖ
1324 950 1368 994 δὲ
1396 953 1448 996 τὸ
1482 954 1560 1013 βη-

169 1034 368 1094 ματίζειν
400 1033 475 1077 καὶ
503 1032 769 1092 μεταφέρειν
802 1028 959 1080 σκέλος
987 1027 1106 1085 παρὰ
1141 1028 1318 1080 σκέλος,
1350 1026 1455 1073 ὅθεν
1489 1032 1562 1074 καὶ

170 1106 281 1163 πλὶξ
302 1110 353 1156 τὸ
375 1112 526 1170 βῆμα,
559 1109 610 1154 τὸ
636 1109 669 1152 δ’
690 1105 800 1151 αὐτὸ
824 1106 898 1150 καὶ
918 1106 1121 1164 πλίγμα·
1150 1104 1224 1149 καὶ
1257 1102 1420 1159 πλίξας
1445 1108 1565 1166 ὁβη-

170 1190 371 1248 ματίσας.
424 1194 488 1234 Ita
517 1189 754 1232 D'Arnaud
791 1192 839 1229 in
866 1188 1089 1229 Observat.
1140 1187 1272 1227 'Unde
1300 1184 1564 1231 άποπλίσσε-

173 1272 294 1313 σθαι.
361 1269 631 1323 Aristophan.
674 1265 858 1308 Acharn.
888 1282 927 1306 v.
958 1280 1044 1320 217.
1114 1257 1220 1305 Οὐδ’
1259 1260 1313 1305 ὃν
1355 1263 1565 1323 ἐλαφρῶς

173 1340 468 1395 ἂπεπλίξατο.
521 1346 655 1399 schol.
685 1338 970 1390 ἀπεσείσατο,
1019 1340 1268 1397 ἀπέφυγεν.
1318 1336 1430 1392 πλὶξ
1478 1343 1563 1402 γὰρ

173 1424 226 1469 τὸ
246 1425 397 1481 βῆμα,
427 1420 501 1464 καὶ
519 1419 755 1477 πλίγματα
776 1418 835 1462 τά
865 1417 1115 1476 πηδήματα.
1167 1421 1449 1463 Archilochus
1486 1429 1565 1478 igi-

174 1513 244 1542 tur
270 1499 503 1555 significat,
544 1513 568 1538 a
596 1511 642 1538 se
671 1497 827 1536 ducem
855 1510 949 1536 non
988 1499 1121 1535 amari
1150 1505 1223 1535 aut
1249 1495 1448 1548 probari,
1490 1501 1566 1550 qui

176 1574 313 1631 gradu
338 1577 460 1627 quasi
481 1570 736 1611 athletarum
770 1583 891 1609 more
922 1571 1187 1621 compositO,
1218 1582 1403 1621 quorum
1432 1581 1566 1610 certa·-

176 1661 278 1687 men
298 1648 579 1687 ostentationi
601 1653 895 1696 comparatum
915 1652 999 1691 est,
1038 1642 1106 1680 vel
1125 1645 1252 1680 etiam
1271 1656 1392 1682 more
1408 1644 1566 1683 saltan-

179 1728 287 1765 tium
309 1727 530 1772 consistat,
570 1732 643 1761 aut
671 1714 757 1774 ὕψι
775 1716 935 1770 βιβάς,
964 1729 1011 1759 ut
1032 1720 1240 1759 Homerus
1264 1723 1344 1767 ait,
1377 1721 1564 1760 incedat.

177 1797 294 1837 Talis
319 1807 409 1836 erat
430 1796 514 1836 dux
534 1796 608 1835 ille
633 1794 910 1848 Othryoneus
937 1792 992 1832 ad
1010 1793 1210 1841 Troiam,
1245 1803 1287 1832 et
1315 1778 1567 1842 ostentator,

182 1873 256 1923 qui
285 1872 480 1922 promisit
512 1870 706 1918 Priamo,
741 1867 930 1907 Graecos
961 1880 984 1904 a
1014 1879 1060 1905 se
1088 1866 1219 1905 Troia
1249 1866 1467 1918 expulsum
1499 1870 1566 1916 iri,

184 1961 313 2000 quem
340 1945 501 1984 deiude
518 1945 780 1984 Idomeneus
808 1943 1049 1982 interfecit:
1077 1937 1150 1980 καὶ
1169 1936 1313 1990 βάλεν
1347 1936 1453 1995 ὕψι
1490 1940 1566 1993 βι-

177 2020 365 2074 βάντα
401 2017 572 2074 τυχών.
600 2022 648 2061 11.
676 2032 712 2059 ν.
739 2028 828 2073 572.
880 2020 949 2059 De
980 2018 1136 2058 talibus
1166 2019 1348 2058 ducibus
1376 2020 1571 2072 loquitur

179 2094 431 2137 Plutarchus
451 2095 502 2133 T.
522 2094 596 2133 IX.
619 2108 663 2146 p.
687 2098 771 2139 150.
797 2094 867 2132 An
885 2095 980 2131 seni
1008 2095 1061 2131 sit
1086 2092 1277 2145 gerenda
1301 2093 1568 2145 respublica:

181 2170 270 2212 liat
307 2167 527 2219 πολλάκις
572 2167 848 2223 κατάγουσαι
897 2164 1084 2222 γέροντα
1122 2164 1182 2222 μὴ
1224 2165 1423 2220 δεόμενον
1462 2165 1571 2223 μηδὲ

181 2246 458 2304 βουλόμενον
494 2242 774 2302 ἦνάγκασαν,
814 2240 958 2301 ὥσπερ
991 2242 1152 2285 οἰάκων
1187 2241 1484 2300 ἐφαψάμενον
1516 2245 1574 2295 εἰς

184 2324 385 2380 ἂσφαλὲς
406 2325 650 2379 καταζῆσαι
673 2322 732 2364 τὰ
760 2321 1029 2380 πράγματα,
1059 2319 1372 2378 παρωσάμεναί
1400 2338 1448 2365 τε
1476 2338 1570 2379 ςρα-

184 2402 344 2459 τηγοίις
379 2401 453 2445 καὶ
488 2399 778 2459 δημαγωγοὺς
809 2400 926 2457 βοᾷν
955 2397 1072 2455 μέγα
1112 2398 1185 2440 καὶ
1218 2396 1364 2454 λέγειν
1398 2398 1573 2452 άπνευςὶ

187 2479 261 2522 καὶ
303 2479 351 2535 νὴ
382 2479 469 2522 Δία
511 2481 603 2531 τοῖς
642 2477 869 2534 πολεμίοις
896 2476 1200 2530 διαβάντες
1237 2468 1301 2519 εὖ
1340 2475 1574 2534 μάχεσθαι

189 2556 459 2611 δυναμένους.
479 2562 555 2601 ubi
576 2566 720 2615 potius
737 2561 916 2614 legerim
942 2546 993 2597 εὖ
1015 2553 1260 2606 διαβάντες,
1288 2569 1336 2597 ut
1356 2559 1471 2610 apud
1485 2558 1575 2595 Ho-

188 2647 366 2672 merum.
416 2634 537 2673 Idem
555 2635 659 2681 T21.
693 2648 731 2687 p.
759 2646 842 2686 119.
875 2633 930 2672 ad
959 2634 1141 2685 princip.
1172 2631 1374 2669 inerudit.
1408 2631 1464 2669 de
1493 2641 1575 2670 sta-

190 2713 360 2750 tuariis:
417 2704 474 2747 Οἳ
511 2707 732 2764 νομίζουσι
770 2704 996 2763 μεγάλους
1033 2703 1106 2746 καὶ
1147 2702 1296 2761 ἁδροὺς
1334 2702 1574 2754 φαίνεσθαι

190 2781 291 2834 τοὺς
325 2781 587 2834 κολοσσοὺς,
628 2781 683 2826 ἂν
722 2782 1138 2837 διαβεβηκότας
1173 2778 1346 2835 σφόδρα
1381 2778 1454 2821 καὶ
1489 2779 1574 2822 δια·

1039 2857 1087 2895 Η
