1846 3308
772 255 1113 306 —24—

252 385 306 425 ab
327 374 803 437 Hephaestioneetiam
823 382 1089 424 trochaicum
1118 386 1357 424 trimetrum
1386 384 1641 424 catalectum

250 457 420 496 dicitur.
435 458 474 509 t)
501 455 838 496 Archilochium.
850 458 900 509 ¹1)

350 554 400 604 4)
426 550 665 591 Iambicum
689 551 919 591 dimetrum
947 552 1353 604 acatalecticum,v)
1381 564 1468 604 quo
1490 554 1541 597 in
1558 551 1642 607 Ly-

253 625 435 666 camben
454 638 555 665 usus
579 625 713 676 estat)
739 623 1136 677 Archilochiumst')

346 822 392 865 a)
426 820 486 855 De
505 816 782 868 significatione
798 817 906 853 vocis
928 818 1098 864 Μουσικὴ
1124 817 1216 854 vide
1245 811 1454 854 accuratam
1477 816 1647 866 disputa-

253 889 398 924 tionem
420 886 563 924 Illustr.
579 889 666 922 Bar.
687 886 732 923 de
747 884 903 922 Locella
922 885 969 921 ad
985 885 1164 934 Xenoph.
1180 885 1319 935 Ephes.
1338 899 1375 936 p.
1398 892 1477 929 125.

343 979 395 1023 b)
428 978 682 1016 Victorin.
715 979 762 1014 L.
791 977 858 1013 IV.
895 989 934 1024 p.
961 982 1065 1021 2588.
1107 975 1214 1012 Adeo
1249 975 1432 1012 fecundus
1463 977 1645 1012 varietate

254 1045 466 1082 carminum
489 1055 526 1081 et
545 1045 747 1096 singularis
768 1041 922 1080 ‘artificii
942 1044 986 1081 in
1005 1043 1267 1093 excogitandis
1289 1044 1404 1081 novis
1425 1045 1557 1080 metris
1580 1044 1647 1080 hic

255 1125 388 1150 auctor
404 1124 459 1149 cst
479 1112 782 1160 (Archilochus),
810 1119 854 1148 ut
876 1122 914 1147 et
935 1113 1066 1148 ceteris
1086 1112 1238 1148 vatibus
1259 1112 1542 1148 immutationis
1561 1125 1648 1148 suae

254 1182 298 1216 in
315 1181 589 1230 componendis
608 1180 738 1216 metris
763 1179 1040 1216 observantiam
1059 1194 1187 1229 parem
1209 1180 1377 1216 studiosa
1394 1180 1648 1215 aemulatione

253 1249 496 1299 praestiterit.
560 1250 660 1286 Nam
691 1248 864 1297 plerique
897 1248 1088 1296 sequentis
1121 1248 1205 1284 aevi
1237 1246 1579 1283 informationibus
1612 1258 1649 1283 et

255 1317 483 1366 quibusdam
504 1316 581 1352 viis
604 1326 758 1352 anctore
777 1315 1013 1352 Archilocho
1033 1316 1155 1353 varias
1180 1329 1426 1352 numerorum
1450 1316 1590 1365 specics
1613 1326 1651 1351 et

254 1385 330 1434 ipsi
357 1385 567 1420 commenti
591 1385 753 1434 posteris
783 1383 1044 1425 tradiderunt,
1079 1384 1179 1420 unde
1197 1383 1487 1422 innumerabilis
1503 1384 1650 1421 incom-

253 1451 598 1502 prehensibilisque
615 1453 724 1488 venit
741 1452 784 1487 in
801 1464 935 1491 manus
957 1453 1081 1502 copia.

349 1545 393 1589 c)
427 1542 561 1579 Idem
591 1544 637 1579 L.
658 1543 726 1581 IV.
759 1555 796 1592 p.
815 1548 920 1587 2588.
969 1544 1112 1578 Rursus
1142 1542 1235 1578 haec
1264 1542 1395 1578 eadem
1423 1551 1650 1578 connectens

255 1625 323 1660 per
341 1611 423 1647 cola
443 1621 480 1646 et
498 1619 684 1645 commata
715 1609 817 1644 inter
841 1622 878 1646 se
905 1609 1203 1646 innumerabiles
1233 1610 1356 1645 edidit
1374 1609 1534 1658 species,
1563 1623 1652 1658 qua-

255 1692 342 1714 rum
370 1678 462 1714 aliae
490 1691 557 1727 per
583 1677 895 1713 coniunctionem
904 1702 914 1719 .
953 1677 1046 1714 aliae
1071 1691 1140 1728 per
1163 1678 1413 1714 iniectionem
1438 1687 1652 1714 metrorum

257 1746 513 1796 compositae,
539 1744 798 1794 formataeque
816 1756 1040 1784 noscuntur.

349 1836 398 1882 d)
439 1834 618 1870 Isidor.
653 1834 793 1884 Orig.
828 1837 875 1873 L.
903 1837 934 1871 Ι.
972 1849 1005 1874 c.
1032 1842 1090 1880 58.
1138 1835 1198 1871 Ab
1229 1836 1499 1872 inventoribus
1533 1846 1654 1872 metra

256 1915 392 1941 vocata
415 1903 616 1944 dicuntur,
649 1903 991 1946 Anacreonticum,
1019 1903 1274 1953 Sapphicum,
1311 1903 1650 1946 Archilochicum;

256 1984 344 2007 nam
375 1971 650 2007 Anacreontica
683 1982 802 2007 metra
836 1972 1057 2013 Anacreon,
1092 1971 1280 2021 Sapphica
1313 1971 1466 2021 Sappho
1497 1956 1650 2012 mulier,

257 2039 574 2089 Archilochicum
590 2037 845 2075 Archilochus
864 2040 1020 2089 quidam
1039 2041 1203 2078 invenit.

348 2133 396 2176 e)
431 2130 689 2169 Victorin.
713 2132 759 2166 L.
779 2132 846 2168 IV.
873 2144 910 2179 p.
931 2137 1038 2182 2558.
1070 2130 1349 2167 Archilochum
1369 2129 1507 2170 ferunt,
1538 2142 1653 2178 quem

256 2208 448 2247 parentem
467 2198 556 2233 artis
575 2198 742 2233 musicae
767 2199 876 2233 iuxta
904 2198 1183 2234 multiformem
1211 2208 1423 2233 metrorum
1443 2197 1577 2232 seriem
1597 2196 1654 2232 di·

258 2278 480 2314 versamque
506 2265 728 2313 progeniem
759 2266 886 2301 omnis
912 2276 1010 2301 aetas
1038 2267 1159 2307 canit,
1186 2276 1380 2315 acceptum
1400 2265 1446 2301 ab
1467 2266 1551 2306 his,
1586 2264 1654 2310 qui

259 2343 344 2369 ante
376 2345 414 2369 se
452 2332 712 2380 inspexerant,
760 2333 1055 2386 summatimque
1094 2344 1361 2375 tractaverant,
1405 2332 1652 2380 dactylicum,

259 2400 363 2449 quod
391 2410 445 2434 est
464 2398 641 2435 omnium
670 2411 782 2449 caput
811 2413 852 2436 ac
875 2392 1134 2451 principium,
1166 2415 1234 2452 per
1251 2401 1501 2441 abiectiones,
1535 2400 1654 2435 detra-

260 2470 482 2517 ctionesque
495 2468 668 2505 vertisse.

349 2558 388 2605 f)
416 2554 589 2618 Clemens
606 2556 715 2594 Alex,
739 2571 777 2607 p.
791 2559 873 2603 565.
903 2560 979 2599 Ναὶ
1000 2561 1069 2608 μὴν
1090 2560 1219 2607 ἴαμβον
1240 2561 1303 2607 μὲν
1323 2559 1504 2607 ἐπενόησεν
1525 2530 1654 2607 Ἀρχ1ἴ-

257 2633 370 2677 λοχος
395 2628 412 2664 ὅ
434 2627 595 2677 Πάριος,
625 2627 749 2676 χωλὸν
778 2628 815 2663 5'2
838 2626 968 2674 ἴαμβον
985 2627 1166 2670 Ἱππῶναξ
1199 2629 1413 2673 ὃἘφὲσιος.
1461 2625 1653 2662 Plutarch.

257 2696 301 2730 Τ.
323 2697 372 2731 Χ.
405 2709 444 2745 p.
466 2695 545 2739 680.
572 2694 617 2730 de
641 2696 780 2731 BIusic.
816 2696 932 2732 Ἀλλὰ
952 2697 1021 2744 μὴν
1042 2697 1101 2733 καὶ
1121 2695 1347 2746 Ἀρχίλοχος
1366 2698 1429 2744 τὴν
1447 2699 1517 2733 τῶν
1535 2693 1655 2744 τριμέ-

255 2779 344 2811 τρων
368 2760 607 2813 Quemnam)
627 2763 851 2813 προσεξεῦρε.
