1846 3308
866 269 1239 341 4236..-

352 419 528 471 anx-:5905
565 413 808 475 ἐξενεγκεῖν
850 415 923 461 καὶ
964 417 1239 475 μαρτυρῆσαι
1277 417 1347 472 τῷ
1371 415 1636 475 ’Δρχιλόχῳ
1675 417 1746 461 λέ·

353 514 505 555 γοντι.
534 497 864 541 πιαίνεσθαι
894 495 1029 552 πρὸς
1057 494 1155 539 τοῦ
1185 493 1459 538 τοιούτου
1490 494 1744 554 ἀρούρας.

437 602 653 643 Plutarch.
673 601 787 641 T.11.
809 603 951 653 p.842.
973 599 1027 638 de
1046 612 1229 638 numero
1252 611 1477 638 caesorum
1494 598 1612 639 bello
1633 600 1746 640 Cim·

354 679 483 718 brico.
494 678 641 718 Reisk.
651 681 698 718 in
714 688 832 718 textu
845 678 899 717 de
911 689 987 715 suo
997 675 1118 715 dedit
1133 670 1234 729 πρὸς
1248 672 1336 714 τῶν
1348 670 1746 728 τοιούτων,ιιειτιρθ

354 750 520 810 μαχῶν
548 756 618 796 vel
644 746 1014 808 συμπτωμάτων,
1053 754 1173 806 quod
1194 765 1338 795 tamen
1358 768 1535 794 necesse
1558 768 1653 795 non
1672 765 1746 795 est.

352 833 658 874 Archilochum
678 832 874 882 sequitur
894 829 1128 884 Aeschylus
1153 826 1281 870 Ἐπτ.
1303 826 1337 870 ἒ.
1359 827 1409 869 Θ.
1438 846 1477 871 v.
1497 836 1587 883 589.

451 899 632 967 ’Έγωῖγε
662 908 740 965 μὲν
775 907 823 963 δὴ
855 906 1019 965 τήνδε
1056 909 1234 951 πιανῶ
1264 907 1459 966 χθόνα

467 988 639 1037 Μάντις
669 984 892 1036 κεκευθὼς
922 984 1136 1042 πολεμίας
1169 981 1253 1029 ὑπὸ
1292 985 1472 1044 χθονός.

352 1067 406 1106 Et
426 1067 541 1106 Pers.
571 1078 608 1103 v.
629 1067 717 1115 804.
743 1063 819 1103 ubi
843 1046 1075 1102 exercitum
1096 1063 1247 1102 Xerxis
1274 1065 1321 1102 iu
1342 1063 1525 1103 Graecia
1550 1063 1749 1103 relictum

352 1143 503 1196 ibique
528 1143 768 1194 periturum
807 1151 935 1181 vocat
962 1134 1099 1192 φίλον
1135 1135 1309 1194 πίασμα
1345 1137 1553 1183 Βοιωτῶν
1593 1135 1748 1194 χθονί.

351 1217 405 1256 Et
432 1216 636 1254 Horatius
668 1213 751 1253 Od.
772 1214 838 1258 11,
870 1228 904 1256 1.

452 1291 561 1344 Quis
588 1304 681 1330 non
707 1291 866 1331 Latino
904 1305 921 1330 s
937 1293 1178 1347 anguine
1215 1289 1487 1348 pinguior

453 1365 640 1416 Campus
676 1363 913 1416 sepulchris
946 1365 1081 1417 impia
1106 1363 1272 1419 praelia

450 1427 679 1479 Testatur?
710 1458 756 1466 -
786 1459 831 1466 —

351 1512 508 1564 Neque
534 1513 798 1550 recentiores
835 1520 995 1562 poetae
1032 1510 1151 1552 hanc'
1177 1510 1449 1554 locutionem
1474 1519 1749 1563 respuerunt.

351 1585 422 1623 Sic
438 1584 632 1623 Ariostus
656 1583 837 1624 Orland.
857 1583 1005 1623 furios.
1031 1583 1154 1624 Cant.
1174 1583 1288 1624 XIV.
1308 1583 1479 1638 Stroph.
1499 1588 1538 1630 5.

451 1679 501 1687 —-
530 1677 575 1686 —-
601 1676 650 1687 —
676 1670 722 1696 se
750 1656 794 1695 di
818 1666 962 1695 vostra
987 1669 1120 1696 mano

451 1730 581 1769 Fosse
610 1729 765 1768 caduta
791 1729 833 1769 la
859 1728 1017 1768 milizia
1043 1728 1163 1777 fiere,

455 1802 631 1853 Quanta
657 1803 699 1840 n'
727 1804 980 1856 ingrassa
1005 1801 1039 1841 il
1066 1815 1217 1857 campo
1244 1803 1527 1856 Ravegnano.

353 1885 397 1915 et
417 1874 524 1915 ibid.
547 1875 595 1915 C.
615 1873 753 1913 XVII.
772 1875 831 1912 St.
853 1888 890 1913 z.

452 1948 488 1987 E
517 1947 587 1986 die
613 1942 842 1987 Mezenzio
871 1946 912 1987 al
941 1948 1106 2001 populo
1133 1948 1327 2003 AgiIIno,

453 2019 545 2060 Che
572 2018 616 2060 [ὲ
645 2020 697 2059 di
732 2033 938 2074 sangue
974 2034 1134 2060 uman
1172 2034 1360 2076 grasse
1395 2019 1449 2059 le
1483 2016 1665 2074 gleBe.

352 2092 513 2132 Glover
531 2093 745 2133 Leonidas
767 2093 814 2133 C.
836 2092 888 2132 II.
907 2106 947 2132 v·
967 2095 1057 2143 405.
1093 2094 1149 2133 de
1175 2093 1294 2134 bello
1329 2095 1483 2134 caesis:
1518 2091 1620 2132 And
1653 2090 1674 2130 f
1681 2104 1705 2131 a
1715 2099 1751 2129 t-

352 2175 446 2206 ten
470 2165 574 2207 with
594 2165 707 2206 their
725 2165 866 2207 blood
883 2164 996 2205 their
1024 2168 1169 2206 native
1196 2166 1286 2208 soil.

947 2448 1164 2495 CXXXI.

465 2542 568 2586 Τῶν
592 2541 636 2585 δὲ
656 2540 867 2599 ’Ap-saiwi)
889 2542 1007 2600 μετὰ
1030 2539 1212 2602 Ἴναχον
1234 2544 1519 2597 ἐβασίλευσεν
1550 2545 1574 2590 ὁ
1604 2546 1750 2603 Φορω·

352 2620 446 2673 νεὺς
465 2620 540 2664 καὶ
572 2616 711 2663 ἄλλοι
732 2619 922 2669 πολλοὶ,
952 2618 1029 2675 ἕως
1061 2623 1137 2677 τῆς
1163 2622 1396 2676 βασιλείας
1429 2622 1639 2682 Λυγκέως
1668 2619 1750 2666 ‘rofi

350 2696 634 2755 ἂγαγομὲνου
659 2696 739 2753 τὴν
758 2696 1091 2759 ’Ύπερμνῆςραν
1124 2702 1318 2758 γυναῖκα
1346 2702 1437 2745 τῶν
1460 2699 1640 2749 Δαναοῦ
1673 2702 1752 2743 θυ-

352 2775 565 2834 γατέρων.
613 2772 739 2831 ’Όςις
760 2775 958 2835 Λυγκεὺς
987 2776 1241 2836 πολεμήσας
1271 2780 1339 2836 τῷ
1369 2779 1535 2835 Δαναῷ
1567 2774 1753 2831 βασιλεῖ
