1846 3308
701 319 1041 372 -69-

176 447 262 492 νέοι
283 446 494 506 κώμαζον
515 445 588 490 ὑπ’
607 445 764 490 αὖλοῦ.
790 452 896 490 item
914 464 951 489 v.
973 457 1060 502 278.
1084 457 1171 498 280.
1197 451 1400 505 Xenoph.
1417 453 1562 508 Symp.

175 530 225 569 C.
248 530 285 570 6.
316 518 343 582 ἧ
373 519 423 569 οὐ
452 524 701 578 βούλεσθε,
729 521 843 579 ἔφη,
870 520 1014 581 ὥσπερ
1040 524 1311 580 Νικόςρατος
1337 525 1360 569 ὁ
1389 524 1565 587 ὑποκρι-

173 603 251 658 ,τὴς
278 602 558 662 τετράμετρα
586 599 691 657 πρὸς
727 600 806 644 τὸν
843 594 985 644 αὐλὸν
1013 600 1283 657 κατέλεγεν,
1327 601 1448 647 οὕτω
1486 606 1563 648 καὶ

173 676 259 724 ὑπὸ
279 679 356 724 τὸν
375 672 515 723 milev
535 676 638 736 ὑμῖν
663 677 953 736 διαλέγωμαι.
1015 684 1246 723 Anacreon
1266 683 1411 724 dativo
1433 690 1564 727 etiam

172 766 328 802 utitur:
356 753 440 800 ὕπὸ
460 757 669 814 βαρβίτῳ
689 756 857 800 ἀείδων.
919 761 987 800 De
1016 761 1131 801 tibiis
1162 763 1215 801 cf.
1235 760 1484 813 Spanheim.
1507 765 1564 803 ad

173 834 319 890 hymn.
347 838 395 874 in
423 835 554 874 Dian.
572 849 611 874 v.
631 839 719 886 245.
774 832 1012 873 Bartholin.
1044 834 1099 874 de
1126 834 1263 874 Tibiis
1292 845 1487 876 veterum
1520 848 1564 877 et

173 921 321 948 earum
339 920 421 957 usu
438 907 485 945 L.
495 906 568 946 111.
591 917 634 946 et
650 908 872 959 Boetciger
886 906 1092 946 accisches
1109 909 1309 947 Museum
1328 911 1376 947 B.
1397 923 1430 949 1.
1451 912 1509 949 H.
1524 924 1564 950 z.

170 981 213 1022 S.
233 981 320 1022 285.
371 980 453 1019 Eas
482 980 588 1019 olim
606 982 655 1019 in
675 982 880 1020 conviviis
909 989 952 1019 et
970 981 1367 1031 compotatIonibus
1396 983 1452 1021 ad
1472 987 1564 1022 ani-

170 1066 265 1093 mos
301 1051 603 1092 exhilarandos
632 1066 724 1092 esse
752 1051 991 1100 adhibitas,
1028 1062 1183 1091 notum
1222 1067 1273 1093 ex
1300 1056 1562 1096 auctoribus.

169 1126 294 1166 Plato
323 1129 369 1165 in
396 1126 620 1179 Protagor.
648 1135 692 1165 et
715 1124 973 1178 Xenophon
998 1128 1045 1164 in
1070 1126 1215 1179 Symp.
1243 1127 1368 1168 Plato
1396 1129 1563 1169 Comic.

171 1198 290 1251 apud
307 1197 520 1238 Athenae.
548 1202 663 1238 inter
689 1198 796 1247 alia,
827 1212 940 1252 quae
960 1208 1060 1251 post
1080 1212 1264 1238 coenam
1283 1199 1378 1241 fieri
1396 1202 1564 1241 solent:

169 1266 346 1322 Δῦλοὺς
374 1271 407 1314 δ’
436 1269 608 1329 ἔχουσά
637 1287 703 1322 τις
724 1273 906 1330 κορίσκη
932 1270 1127 1327 Καρικὸν
1153 1270 1289 1330 μέλος
1318 1271 1563 1332 μελίζεται.

168 1349 317 1390 Tibias
340 1360 485 1389 autem
502 1353 698 1389 inventas
724 1362 816 1388 esse
837 1362 861 1387 a
882 1347 1137 1403 Phrygibus,
1176 1350 1419 1405 Hyagnide,
1447 1353 1566 1390 Mar-

170 1437 243 1479 sya
261 1423 329 1463 vel
346 1423 553 1477 Olympo,
572 1432 737 1462 veteres
754 1420 961 1461 scribunt.
997 1421 1105 1461 Plat.
1123 1423 1232 1462 Min.
1253 1424 1304 1462 T.
1322 1424 1396 1462 VI.
1412 1438 1456 1475 p.
1477 1429 1564 1476 154.

169 1497 297 1536 Plini.
337 1496 538 1535 Clemens
571 1494 693 1534 Alex.
737 1494 785 1534 L.
820 1493 853 1533 Ι.
902 1494 1103 1535 stromat.
1149 1511 1191 1549 p.
1224 1497 1314 1544 361.
1350 1495 1565 1536 Athenae.

168 1569 217 1608 L.
246 1569 364 1608 XIV.
391 1569 481 1619 624.
513 1566 674 1607 Chron.
695 1568 790 1607 Par.
809 1566 977 1619 Epoch.
1002 1567 1058 1607 X.
1112 1568 1227 1608 Hinc
1250 1570 1400 1621 Eurip.
1423 1568 1565 1623 Iphig.

169 1659 210 1684 v.
237 1646 326 1697 576.
360 1635 491 1684 αὐλοὶ
529 1637 714 1696 Φρύγιοι
745 1636 1000 1696 Ὀλύμπου.
1052 1644 1182 1684 Tibia
1215 1658 1319 1684 vero
1348 1643 1566 1698 Phrygum

172 1715 333 1774 ἔλυμος
370 1722 483 1762 dicta
515 1733 591 1762 est.
652 1722 807 1762 Pollux
836 1723 912 1762 IV.
945 1724 992 1762 G.
1021 1724 1086 1772 X,
1122 1725 1186 1775 67.
1247 1722 1378 1762 Unde
1409 1725 1567 1760 mirum

170 1807 265 1834 non
292 1804 380 1843 est,
435 1795 560 1835 tibias
588 1794 826 1851 Phrygibus
851 1794 1208 1850 Thracibusque,
1264 1810 1289 1835 a
1318 1794 1473 1848 quibus
1500 1794 1567 1833 illi

171 1867 362 1916 oriundi,
389 1871 624 1921 praecipue
643 1872 691 1908 in
710 1883 792 1908 usu
809 1870 956 1909 fuisse.
995 1869 1143 1922 Quare
1162 1869 1315 1909 Horat.
1332 1866 1469 1920 Epod.
1487 1866 1565 1906 IX.

445 1952 640 1991 Sonante
658 1955 796 1993 mixtis
822 1953 901 1992 tib
913 1956 979 1992 iis
1009 1967 1183 1993 carmen
1200 1954 1294 2007 lyra

547 2025 642 2063 Hac
664 2025 875 2074 Dorium,
910 2026 994 2065 illis
1020 2025 1155 2065 barb
1168 2040 1329 2066 arum.

171 2107 357 2149 Carmen
381 2107 614 2148 barbarum
646 2105 846 2148 tibiarum
877 2112 1065 2160 opponit
1083 2109 1219 2148 Dorio
1248 2108 1393 2163 lyrae,
1422 2116 1466 2146 et
1485 2119 1566 2158 per

169 2182 280 2221 illud
296 2181 528 2236 Phrygium
559 2182 630 2221 vel·
644 2182 829 2236 Lydium
850 2181 1032 2225 modum
1057 2181 1283 2235 intelligit:
1317 2179 1426 2219 haec
1447 2183 1563 2218 enim

170 2253 422 2294 harmoniae
443 2268 601 2309 genera
622 2254 780 2294 Graeci
809 2268 834 2293 a
851 2252 1069 2300 barbaris,
1097 2251 1338 2307 Phrygibus
1358 2263 1402 2293 et
1416 2252 1561 2307 Lydis,

172 2325 377 2366 habuere.
436 2326 649 2367 Athenae.
680 2327 710 2366 l.
742 2341 777 2366 c.
808 2326 931 2366 Idem
957 2326 1006 2364 L.
1028 2326 1062 2365 1.
1096 2339 1139 2378 p.
1171 2326 1230 2366 16.
1263 2326 1318 2365 de
1350 2326 1561 2366 Homero:

170 2400 275 2450 Τοῖς
303 2399 348 2442 δὲ
366 2399 614 2457 βαρβάροις
643 2399 876 2444 ἀποδίδωσι
905 2397 1008 2450 τοὺς
1034 2395 1220 2450 αὐλούς·
1248 2398 1370 2456 παρὰ
1389 2397 1562 2456 Τρωσὶν

172 2468 250 2520 οὖν
280 2471 333 2534 ἦν
362 2471 515 2521 αὐλῶν
545 2477 765 2538 συρίγγων
789 2477 829 2521 τ’
860 2476 1004 2533 ἐνοπή.

267 2561 500 2624 Rea-rav.
542 2571 728 2625 Hesych.
754 2564 997 2624 Βρύττιον·
1030 2565 1156 2622 πόμα
1186 2562 1235 2608 ἐκ
1265 2565 1430 2623 κριθῆς.
1491 2567 1559 2608 Ab

174 2647 264 2686 aliis
283 2647 529 2688 auctoribus
547 2639 658 2695 οἶνος
678 2644 866 2703 κρίθινος
886 2648 956 2688 vel
974 2643 1023 2687 ἐκ
1043 2643 1210 2701 κριθῶν
1233 2647 1401 2686 dicitur.
1420 2646 1562 2684 Hero·

174 2725 264 2765 dot.
283 2724 331 2763 L.
344 2724 396 2763 11.
418 2724 466 2764 C.
481 2739 544 2777 77.
565 2726 620 2766 de
638 2728 883 2780 Aegyptiis:
917 2717 1034 2777 Οἴνςυ
1052 2720 1086 2763 δ’
1105 2721 1153 2764 ἐκ
1177 2719 1364 2776 κριθέων
1383 2734 1559 2775 πεποιη-

175 2798 289 2854 μένῳ
311 2795 617 2854 διαχρέωνται.
687 2803 818 2842 Unde
839 2801 1035 2857 Aeschyl.
1063 2802 1214 2854 Suppl.
1241 2815 1280 2840 v.
1300 2803 1388 2854 966.
1418 2801 1560 2855 Aegy-
