1846 3308
807 278 1148 328 —32--

883 406 924 471 ξ.
970 410 1077 454 xn.

372 506 442 546 Ad
459 509 635 545 inventa
653 503 903 544 Archilochi
925 506 1055 545 etiam
1078 505 1264 559 epodia)
1284 505 1555 557 referuntur,
1585 509 1672 548 sive

282 580 358 620 illa
380 582 578 619 carminis
602 578 726 632 lyrici
745 578 909 626 forma,
946 581 993 618 in
1016 593 1102 632 qua
1122 582 1263 618 versui
1288 578 1480 632 longiori
1501 579 1674 621 subiici-

283 662 353 691 tur
368 650 541 691 brevior
557 651 750 691 eiusdem
767 651 836 690 vel
854 651 960 690 alius
980 655 1166 706 generis,
1179 652 1217 704 b)
1237 655 1314 706 qui
1334 662 1377 691 et
1394 657 1486 705 ipse
1507 652 1673 705 epodos

249 713 521 780 ‘'diciturss)
570 729 624 768 ab
663 723 857 779 ἒπᾴδειν,
895 734 997 783 quia
1025 734 1162 783 priori
1191 733 1401 770 accinitur
1432 739 1474 769 et
1495 742 1675 769 rsensum

285 804 378 840 eius
399 800 506 840 finit.
568 803 745 841 Nomen
769 802 1020 842 translatum
1046 812 1110 842 est
1134 802 1187 842 ab
1211 802 1288 842 illo
1312 805 1501 841 carmine
1519 802 1672 857 lyrico,

285 888 374 927 quo
405 877 575 927 antiqui
602 875 754 914 laudes
782 875 981 914 Deorum
1014 877 1126 915 circa
1156 889 1273 915 aram
1303 884 1455 915 euntes
1484 875 1675 916 redeun-

284 957 438 1001 tesque
473 961 628 987 canere
665 946 891 997 solebant,
937 947 1059 1000 quod
1087 940 1289 1000 strophe,
1335 947 1603 1002 antistrophe
1632 960 1676 989 et

280 1021 433 1072 *epodo
459 1023 747 1073 compositum
764 1021 869 1069 fuit,
907 1028 950 1060 et
983 1023 1102 1060 cuius
1129 1013 1306 1073 strophe
1335 1030 1379 1060 et
1405 1021 1674 1075 antIstrophe

285 1095 441 1134 iisdem
484 1096 656 1141 metris,
719 1093 886 1146 epodos
931 1092 1206 1133 dissimilibus
1257 1094 1495 1134 constabat.
1559 1095 1676 1134 Hinc

283 1177 472 1207 sumtum
505 1166 790 1215 vocabulum,
819 1168 963 1219 inquit
980 1166 1254 1215 Victorinus,
1291 1169 1340 1205 in
1367 1167 1534 1219 epodos
1560 1167 1674 1208 binis

284 1240 476 1280 versibus
507 1240 744 1293 imparibus
775 1249 1046 1287 constantes,
1093 1253 1196 1279 nam
1226 1242 1337 1278 sicut
1362 1238 1426 1279 ibi
1459 1231 1675 1280 canticum

285 1313 455 1366 epodus
491 1312 695 1362 finiebat,
731 1315 793 1352 ita
829 1311 899 1352 hic
932 1325 1104 1352 versum
1137 1325 1266 1351 sensu
1290 1315 1542 1365 insequenti
1570 1325 1676 1354 con-

285 1386 434 1426 cludit.
530 1386 629 1426 Hoc
673 1385 923 1426 Archilochi
981 1388 1209 1425 inventum
1253 1372 1449 1438 spectare
1502 1386 1676 1426 videtur

283 1461 573 1513 Plutarchus,
593 1463 696 1503 dum
714 1463 779 1503 illi
798 1461 948 1502 tribuit
972 1456 1052 1513 τὴν
1087 1458 1145 1508 εἰς
1178 1458 1282 1510 τοὺς
1316 1453 1420 1516 σῦχ’
1454 1458 1677 1517 ὁμογενεῖς

283 1535 483 1597 ῥυθμοὺς
511 1535 752 1592 ἕνςασιν,ᾶ)
779 1540 863 1587 vel,
894 1549 944 1578 ut
962 1540 1139 1579 Burette
1166 1540 1287 1595 legit,
1315 1534 1558 1594 Zv‘ramvss)
1585 1546 1614 1581 i.
1635 1555 1674 1581 e.

285 1615 417 1653 talem
446 1625 685 1653 metrorum
716 1615 1104 1664 compositionem,
1152 1627 1266 1667 quae
1297 1617 1345 1654 in
1376 1612 1622 1669 rhythmum
1649 1628 1674 1655 a

282 1690 421 1739 priori
439 1687 655 1727 diversum
682 1685 751 1724 vel
777 1688 986 1737 imparem
1006 1688 1169 1725 transit.
1234 1687 1332 1726 Hoc
1353 1697 1498 1726 autem
1520 1686 1565 1727 fit
1580 1701 1676 1727 non

283 1765 419 1810 modo
454 1768 504 1804 in
535 1767 681 1804 metris
717 1757 1055 1816 ἂσυναρτὴτοις,
1090 1763 1169 1817 ubi
1200 1763 1297 1803 cola
1325 1764 1478 1803 diversi
1504 1767 1674 1817 generis

284 1851 366 1890 per
395 1836 680 1890 antipathiam
715 1836 999 1889 copulantur,
1038 1836 1116 1875 sed
1145 1838 1275 1875 etiam
1305 1839 1354 1877 in
1383 1822 1559 1889 epotlis,
1595 1836 1676 1876 ubi

286 1910 511 1963 disparitas
545 1911 710 1963 pedum
732 1907 858 1949 'inter
893 1909 1002 1949 duos
1039 1923 1183 1949 versus
1222 1912 1270 1949 in
1314 1908 1503 1965 rhythmi
1541 1910 1675 1955 ductu
1719 1959 1722 1961 ‚

287 1994 331 2023 et
352 1984 537 2023 decursu
553 1986 804 2023 varietatem
828 1981 972 2022 efficit.

375 2175 421 2218 a)
456 2173 714 2211 Victorin.
744 2185 785 2221 p.
804 2180 907 2215 2551·
943 2172 1249 2220 (Archilochus)
1280 2172 1429 2221 primus
1452 2171 1593 2220 epodos
1613 2184 1673 2207 ex·

285 2240 422 2276 citavit
440 2240 534 2275 alios
552 2237 771 2280 breviores,
805 2240 901 2275 alios
922 2241 1136 2289 longiores,
1169 2240 1365 2276 detrahens
1393 2253 1513 2275 unum
1538 2239 1673 2288 pedem

285 2321 353 2344 seu
372 2308 489 2344 colon
506 2318 629 2343 metro
641 2334 651 2348 ,
675 2318 718 2343 ut
734 2307 796 2342 illi
819 2306 1021 2343 subiiceret
1036 2307 1099 2350 id,
1133 2307 1239 2357 quod
1253 2321 1301 2343 ex
1317 2308 1445 2356 primo
1463 2309 1673 2345 detractum

284 2389 361 2411 esse
378 2375 598 2415 videbatur,
632 2385 675 2410 ut
701 2376 743 2410 in
769 2374 911 2415 heroo,
948 2389 967 2410 a
996 2388 1072 2423 quo
1097 2376 1267 2424 primum
1292 2377 1438 2424 coepit,
1475 2386 1670 2425 tanquam:

284 2443 488 2493 Diffugere
507 2444 634 2483 nives,
664 2442 823 2478 redeunt
847 2443 924 2478 iarn
953 2444 1124 2491 gramina
1150 2444 1316 2492 campis3
1357 2442 1493 2479 dehinc
1527 2444 1671 2493 epodos

284 2511 347 2548 sui
390 2511 559 2560 generis:
602 2510 890 2560 Arboribusque
934 2523 1076 2553 comae.
1136 2513 1234 2546 Item
1272 2509 1367 2548 Atil.
1408 2513 1439 2546 F
1442 2512 1671 2563 ortunatian.

281 2593 322 2629 p.
340 2579 445 2624 2682·

373 2647 426 2693 b)
461 2647 767 2696 Hephaestio
802 2660 840 2695 p.
856 2656 913 2691 7ο.
937 2645 1023 2683 Εἰσὶ
1044 2648 1080 2684 δὲ
1102 2647 1136 2684 ἐν
1155 2648 1230 2690 τοῖς
1247 2647 1419 2694 'rotimum
1437 2647 1495 2684 καὶ
1517 2647 1550 2685 οἱ
1568 2646 1672 2699 ἇρῥη·

280 2721 384 2759 νικῶς
414 2713 508 2754 οὕτω
536 2715 746 2762 καλούμενοι
776 2716 924 2762 immi,
957 2712 1041 2752 ὅταν
1067 2714 1220 2764 μεγάλῳ
1249 2716 1344 2765 ςίχῳ
1365 2715 1526 2766 περιττόν
1544 2732 1579 2754 τι
1599 2717 1672 2755 ἔτι·

278 2785 447 2834 vien-rat.
481 2783 662 2819 Diomed.
689 2786 735 2821 L.
753 2785 823 2821 111.
858 2784 900 2819 C.
923 2796 953 2821 ι.
975 2814 978 2818 .
