1846 3308
811 326 881 336 ...-
950 316 992 344 11
1061 326 1130 334 —-

281 432 544 489 chilocho
572 433 873 507 peculiare,
895 452 1027 486 eum
1054 447 1113 487 et
1135 446 1371 508 poetam
1398 436 1484 488 sui
1510 455 1675 508 gene-

281 535 355 587 ris
389 533 711 606 principem
749 544 807 584 et
835 544 971 605 post
1002 533 1329 584 Homerum
1361 534 1677 587 maximum

282 650 400 686 esse
419 629 712 696 habitum3
754 643 813 683 et
839 648 971 682 cum
993 629 1350 702 reliquorum
1367 642 1678 704 poetarum

280 730 638 805 principum,
693 728 962 793 Homeri,
1019 727 1278 795 Pindari,
1344 728 1672 802 SophocliS‚

283 807 462 900 opera
487 827 796 900 praecipua
823 838 1047 878 servata
1072 827 1201 893 sint,
1236 825 1565 881 Archilochi
1590 845 1677 879 so·

281 925 390 979 lius
415 925 668 978 carmina
689 924 928 976 omnino
950 925 1145 976 omnia
1165 925 1375 977 iniuria
1397 925 1675 998 temporis

284 1021 452 1077 nobis
482 1034 681 1095 erepta
709 1040 852 1089 esse,
894 1034 954 1075 et
979 1019 1300 1094 fragmenta
1330 1041 1529 1076 eorum
1556 1035 1680 1076 tan·

281 1135 412 1175 tum
437 1120 507 1174 ad
533 1139 638 1174 nos
662 1121 1008 1194 pervenisse.
1088 1120 1277 1195 Quem
1311 1123 1488 1194 igitur
1522 1132 1677 1174 vete-

284 1214 372 1273 res
416 1231 662 1294 propter
707 1218 924 1290 ingenii
967 1219 1195 1291 copiam
1242 1232 1302 1272 et
1346 1218 1680 1272 felicitatem

283 1318 517 1372 maximi
542 1315 820 1383 fecerunt,
862 1329 920 1370 et
948 1318 1183 1369 summis
1214 1315 1482 1370 laudibus
1518 1328 1680 1369 extu·

284 1416 506 1483 lerunt,
554 1416 673 1468 eius
718 1416 970 1468 carmina
1015 1413 1183 1467 nobis
1224 1413 1578 1469 intercidisse
1611 1426 1683 1467 ut

284 1534 421 1570 sane
457 1532 827 1587 summopere
863 1511 1179 1566 dolendum
1214 1526 1322 1579 est,
1361 1514 1444 1567 ita
1479 1525 1538 1566 et
1570 1530 1679 1564 nos

284 1614 490 1666 maiori
540 1610 820 1665 desiderio
871 1611 1226 1665 inflammare
1272 1609 1488 1665 debent
1530 1611 1683 1664 tanti

283 1724 522 1786 poetae,
572 1709 766 1782 quoad
801 1711 921 1763 eius
958 1709 1080 1764 fieri
1117 1710 1328 1783 possit,
1386 1708 1681 1776 noscendi,

286 1827 353 1862 ac
385 1807 651 1880 reliquias
685 1808 864 1882 ipsius
905 1826 974 1860 eo
1021 1809 1297 1880 gratiores
1344 1807 1513 1862 nobis
1561 1825 1682 1861 esse

287 1919 550 1981 oportet,
591 1907 809 1980 quippe
828 1907 891 1958 in
923 1905 1133 1979 quibus
1176 1905 1517 1979 elegantiam
1538 1907 1681 1959 vim*

286 2024 401 2077 que
431 2022 675 2079 poeseos
708 2003 1107 2060 Archilochiae
1153 2003 1344 2058 adhuc
1380 2017 1681 2074 utcunque

286 2103 503 2156 intueri
550 2102 699 2156 licet.
804 2103 975 2157 Certe
1025 2101 1260 2175 quidem
1310 2099 1681 2174 gaudendum

290 2213 403 2268 est,
441 2220 509 2252 ex
541 2213 706 2254 tanto
746 2200 1078 2255 divitiarum
1113 2197 1414 2271 naufragio
1444 2199 1547 2253 has
1579 2198 1681 2252 sal-

286 2311 407 2353 tem
432 2318 572 2372 opes
594 2297 852 2370 undique
874 2297 1170 2371 dissipatas
1194 2300 1455 2371 potuisse
1479 2297 1680 2369 colligi.

286 2397 519 2450 Etenim
566 2395 721 2449 bona
768 2395 1093 2449 litterarum
1140 2394 1378 2449 fortuna
1422 2395 1682 2466 contigit,

284 2507 381 2562 ut,
427 2513 560 2548 cum
595 2493 974 2548 Archilochus
1009 2494 1160 2547 tanti
1205 2491 1371 2547 fieret
1415 2493 1486 2547 ab
1538 2493 1681 2546 anti-

287 2594 441 2665 quis,
486 2594 725 2665 eiusque
759 2594 1010 2645 carmina
1038 2590 1174 2644 hinc
1203 2590 1505 2663 diligenter
1536 2591 1684 2663 lege·

286 2702 490 2744 rentur
528 2702 588 2744 et
636 2701 1144 2763 cognoscerentur,
1198 2702 1461 2743 auctores
1510 2690 1684 2743 etiam

285 2806 352 2839 ex
387 2788 452 2841 iis
487 2786 645 2843 locos
681 2787 1017 2863 frequenter
1056 2788 1327 2855 citarent,
1369 2787 1682 2842 sententias
