1846 3308
823 276 1198 327 ...194-

314 401 437 459 ἕχει
467 396 694 457 μακάρων.
723 404 879 445 Suidas
898 419 937 445 v.
964 403 1048 444 ’Ev
1078 402 1259 461 Καρὸς
1291 403 1490 451 εἵπετο
1519 404 1706 458 τάξει·

312 479 411 524 ἀντὶ
463 477 544 521 τοῦ
596 474 900 535 ἐμισθοφόρει,
952 477 1096 537 ἐπειδὴ
1138 482 1307 539 πρῶτοι
1343 485 1487 542 Ῑίὂὶρες
1531 484 1708 544 eutoso-

312 559 529 618 φόρησαυ.

897 769 1115 816 LXXIX.
1197 815 1198 818 ,

305 858 419 922 “Ὠς’
457 855 582 906 ὄνου
615 851 875 925 Πριηνέως
909 854 1141 917 κὴλωνος
1177 855 1521 931 ἐπλήμμυρον.

312 1024 465 1074 Velut
499 1018 641 1067 asino
667 1015 927 1064 Prienensi
955 1017 1248 1068 admissario
1283 1021 1700 1092 mqurgescebam.

413 1181 658 1226 Eustathius
693 1179 845 1234 Odyss.
874 1180 926 1222 Τ,
944 1179 1018 1221 111.
1051 1195 1096 1234 p.
1120 1176 1217 1235 '1197
1226 1211 1241 1233 ,
1269 1197 1331 1236 27.
1349 1175 1418 1224 'de
1453 1186 1705 1226 nominibus

311 1272 471 1315 agens,
499 1255 655 1310 quibus
681 1263 847 1293 veteres
867 1251 1127 1295 libidinosos
1151 1265 1194 1295 et
1210 1260 1275 1296 rei
1291 1270 1504 1297 venereae
1536 1257 1707 1298 deditos

314 1335 538 1391 appellare
562 1332 787 1379 solebant,
823 1330 901 1370 ubi
932 1334 993 1370 sic
1026 1331 1232 1386 deinceps
1260 1338 1423 1389 pergit:
1463 1331 1508 1372 αἱ
1528 1330 1709 1388 ’χρήσεις

310 1409 431 1470 παρὰ
449 1408 541 1458 τοῖς
567 1404 798 1457 παλαιοῖς,
827 1402 871 1448 οἵ
895 1404 1059 1459 φασιν,
1097 1404 1154 1457 ὡς
1185 1406 1334 1464 κὴλων
1365 1409 1445 1466 μὲν
1471 1408 1706 1465 πεποίηται

313 1488 399 1534 ἀπὸ
423 1487 514 1531 τῶν
544 1484 749 1542 ὁχευτῶν
771 1478 897 1526 ὄνων.
945 1481 1242 1542 ’Δρχίλοχος·
1273 1483 1380 1538 ”Ω.ς’
1405 1482 1509 1530 ὄνου
1532 1501 1573 1530 κ.
1594 1502 1636 1529 τ.
1658 1485 1704 1529 λ.

309 1573 420 1613 Item
447 1570 586 1623 Etym.
619 1565 681 1604 Μ.
699 1578 737 1604 ν.
775 1555 1039 1619 ἀτρύγετος·
1064 1584 1122 1594 -
1158 1559 1298 1622 τρύγη
1329 1564 1373 1608 δέ
1403 1564 1488 1618 ἑςιν
1519 1563 1541 1608 ὁ
1573 1564 1705 1622 δημη-

308 1642 486 1703 τριακός
512 1638 690 1697 καρπὸς,
727 1635 906 1695 ὥσπερ
936 1634 1067 1682 ὄνου
1097 1638 1347 1696 κήλωνος
1379 1641 1705 1699 ὀτρυγηφόο-

308 1737 412 1779 ‘you
453 1718 551 1762 ἀντὶ
595 1716 676 1760 τοῦ
715 1713 1004 1773 κριθοφάγου
1044 1717 1163 1760 κατὰ
1210 1718 1492 1778 πλεονασμὸν
1538 1719 1619 1762 τοῦ
1662 1735 1702 1769 ο,

307 1799 366 1851 ὥς
390 1797 458 1843 ἐπὶ
477 1795 558 1841 τοῦ
580 1794 749 1853 κριόεις,
780 1793 973 1852 ὀκριόεις,
1003 1794 1124 1852 παρὰ
1144 1796 1213 1853 τῷ
1234 1797 1515 1855 Ἀρχιλόχῳ.
1572 1805 1703 1847 Unde

307 1881 421 1922 hanc
444 1883 574 1920 etiam
591 1871 1088 1931 vocem'5729u‘yiycp&yov
1110 1877 1164 1917 ad
1185 1876 1270 1917 hoc
1292 1879 1583 1932 fragmentum
1603 1895 1703 1935 per·-

305 1958 447 1996 tinere
467 1961 668 2007 apparet,
697 1963 784 2003 qua
803 1949 972 1992 adjecta
990 1950 1158 1991 iambus
1178 1954 1236 1990 ita
1257 1955 1493 2004 enascitur-z

914 2049 971 2058 —
1000 2022 1074 2078 ὦς’
1103 2019 1206 2069 ἔνου
1236 2025 1457 2083 Πριηνέως

551 2101 765 2159 Ιίἡλωυος
789 2100 1080 2160 ἔπλὴμμυρον
1113 2102 1451 2161 ὀτρυγηφάγου.

303 2186 374 2227 vel
397 2188 525 2226 etiam
549 2179 667 2237 Κηλ.
693 2180 843 2238 ὀτρυγ.
865 2179 1171 2238 ἐπλὴμμυρον,
1199 2194 1248 2224 ut
1264 2188 1318 2224 sit
1338 2187 1518 2224 aoristus
1546 2197 1702 2225 secun·

306 2259 412 2302 dus,
461 2261 580 2297 cuius
618 2257 861 2310 penultima
894 2257 1033 2297 brevis
1070 2267 1147 2297 est.
1210 2257 1297 2296 Sed
1332 2261 1539 2296 maiorem
1587 2258 1700 2297 diffi-

289 2335 509 2375 'cultatem
544 2346 693 2372 sensus
730 2332 886 2373 horum
929 2332 1160 2373 verborum
1201 2336 1335 2386 parit,
1383 2331 1495 2387 qu'ae
1534 2326 1701 2383 ὑλικῶς

301 2419 472 2448 tantum
514 2409 636 2445 verti.
704 2406 815 2444 Nam
862 2405 968 2458 quid
999 2400 1144 2458 'poeta
1187 2404 1428 2459 significare
1473 2408 1573 2447 velit
1618 2423 1699 2462 per

303 2480 592 2537 ἐπλήμμυρον
622 2473 749 2529 ἔνου,
789 2480 966 2521 difficile
1005 2490 1068 2521 est
1105 2485 1355 2522 coniectura
1394 2488 1574 2539 assequi.
1627 2487 1698 2527 An

303 2557 554 2611 simpliciter
573 2565 706 2608 poeta
730 2564 898 2594 tantum
916 2553 1096 2604 indicat,
1126 2554 1208 2594 sibi
1229 2561 1423 2595 ventrem
1448 2557 1547 2597 cibo
1566 2569 1696 2610 potu-

304 2645 391 2684 que
419 2631 546 2669 nimis
565 2627 782 2680 repletum
804 2629 1083 2675 intumuisse,
1112 2627 1296 2667 ridicula
1316 2629 1371 2668 ad
1389 2629 1436 2668 id
1455 2633 1697 2682 exprimen-

303 2705 407 2743 dum
428 2704 618 2755 imagine
636 2713 738 2739 usus
764 2699 819 2738 de
838 2702 955 2739 asino
971 2700 1196 2739 Prienensi
1218 2698 1385 2741 hordeo
1407 2701 1524 2741 bene
1542 2703 1698 2756 pasto?

301 2777 370 2817 An
389 2789 536 2817 sensus
558 2775 692 2825 turpis
710 2770 780 2811 hic
804 2771 935 2822 latet,
974 2785 1105 2825 quem
1137 2786 1289 2813 eruere
1318 2777 1695 2828 operaepretium
