1846 3308
754 284 820 293 —
897 264 988 311 104
1062 285 1127 292 -..

240 394 517 446 Aristophan.
578 387 783 448 Βατρὰχ.
816 398 899 447 ¹49-

447 465 591 510 ’Όταν
637 467 695 510 τὰ
734 468 809 511 νῦν
852 464 988 522 ἅπιςα
1025 469 1146 513 πίσθ’
1181 466 1423 527 ἣγώμεθα,

459 542 531 585 Τὰ
561 544 595 586 δ’
623 542 713 588 ὅντ’
744 542 880 599 ἅπιςα
912 544 1031 598 πιςὰ.

337 624 389 663 V.
411 636 448 674 7.
495 621 628 678 Mffli‘
669 622 757 665 ἵνα
798 622 1051 678 δελφῖσι.
1115 628 1374 690 Valckenar.
1405 642 1448 672 et
1464 632 1639 672 Brnnck

239 696 338 753 μηδ’
356 696 430 740 ἐὰν
450 704 628 754 rescribi
650 705 818 753 iubent,
840 715 979 745 metro
1005 716 1048 745 et
1073 709 1340 757 proprietate
1363 713 1572 750 sermonis
1594 711 1640 750 id
1703 750 1706 752 ,

237 780 500 831 postulante.
552 782 704 821 Iacobs
729 781 792 821 his
815 777 980 830 ἂπίςοις
1005 784 1073 822 vel
1101 779 1328 828 ἀδυνάτοις
1357 785 1528 823 confert
1547 785 1640 823 Ho-

238 856 335 891 ratii
353 853 450 892 loca
476 855 522 892 L.
544 855 575 893 I.
607 855 690 894 Od.
713 870 748 893 2.
770 869 808 907 7.
847 856 990 896 Omne
1018 870 1152 908 quum
1171 857 1351 896 Proteus
1384 871 1518 909 pecus
1552 860 1640 910 egit

241 925 349 964 altos
370 926 522 965 Visere
548 938 733 967 montes.
760 929 899 980 Epod.
920 929 1036 968 XVI.
1059 935 1097 975 8.
1159 929 1324 969 Ruffini
1355 931 1499 984 Epigr.
1520 930 1638 969 XIV.

237 1012 276 1037 v.
298 1004 334 1042 5.
362 999 488 1037 Anal.
507 1000 558 1037 Τ.
579 999 630 1038 ΙΙ.
658 1014 701 1051 p.
721 1008 810 1052 393.
865 1002 978 1041 Vide
1000 1002 1296 1041 Animadvers.
1318 1003 1418 1042 Vol.
1439 1003 1491 1041 II.
1518 1003 1565 1041 P.
1585 1001 1654 1040 11..

165 1082 167 1084 ’
237 1084 282 1122 p.
307 1072 404 1117 163,
441 1071 518 1109 ubi
546 1072 815 1124 Delphinum
844 1077 891 1114 in
913 1074 1038 1128 sylvis
1071 1075 1125 1114 de
1155 1075 1285 1114 rebus
1309 1075 1639 1115 incredibilibus

235 1144 330 1182 fere
367 1148 642 1200 paroemiace
677 1157 777 1198 post
811 1147 1120 1187 Archilochum
1164 1147 1218 1187 ab
1259 1148 1506 1188 auctoribus
1553 1147 1639 1186 dici

240 1217 507 1258 observatur.

338 1294 390 1332 V.
413 1301 450 1341 8.
488 1289 774 1341 Ἑνάλιον,
810 1300 871 1337 sic
902 1298 1070 1339 Gesner
1097 1301 1146 1340 in
1175 1298 1278 1339 edit.
1303 1303 1413 1352 1549.
1447 1308 1490 1339 et
1514 1298 1638 1338 Grot.

241 1386 283 1425 p.
305 1375 395 1424 461.
419 1374 520 1413 alias
549 1369 755 1413 εἰνάλιον.

352 1445 661 1504 Θαλάσσης
700 1446 959 1505 ἦχήεντα
992 1449 1238 1508 κύματα.
1291 1452 1529 1508 Epitheton
1549 1453 1641 1492 Ho-

240 1532 446 1568 mericum
479 1532 620 1568 maris.
652 1529 700 1568 Il.
731 1543 773 1568 α.
814 1522 961 1584 Οὕρεὰ
989 1542 1038 1570 τε
1078 1528 1307 1575 σκιόεντα,
1347 1525 1562 1571 ,θάλασσά
1589 1541 1639 1569 τε

239 1599 454 1658 ἣχὴεσσα.
489 1599 600 1658 ἠχή
618 1616 707 1645 εντ
720 1620 747 1645 α
775 1609 1020 1661 spondeum
1042 1613 1089 1648 in
1109 1612 1261 1662 impari
1282 1609 1387 1649 sede
1407 1609 1524 1648 licita
1545 1622 1639 1648 cor-

237 1682 440 1731 reptione
462 1683 651 1718 excusari
670 1681 834 1721 iudicat
851 1683 1124 1722 Hermannus
1146 1683 1199 1721 de
1219 1683 1367 1721 Metris
1395 1695 1438 1734 p.
1463 1688 1548 1728 1¹8·

339 1756 392 1794 V.
413 1769 450 1808 9.
479 1754 641 1795 Τοῖσι
675 1753 708 1795 δ’
739 1752 835 1810 ἡδὺ
868 1746 928 1815 ἦν
959 1751 1095 1812 ὅρος.
1122 1759 1383 1799 Valckenar.
1410 1758 1440 1798 1.
1461 1773 1498 1798 c.
1523 1755 1639 1798 τοῖσι

241 1827 275 1871 δ’
305 1825 423 1886 ἥδιόν
455 1829 496 1886 γ’
526 1826 648 1886 ἔρος,
683 1849 764 1887 pro
790 1849 879 1888 quo
896 1835 1074 1884 Iacobs,
1103 1845 1151 1874 ut
1170 1835 1281 1873 illud
1307 1831 1376 1887 γ’,
1409 1836 1641 1876 molestum

240 1924 384 1950 versus
405 1911 616 1960 fulcrum,
653 1915 860 1961 evitetur,
897 1914 1082 1954 mavult:
1119 1909 1258 1951 τοῖσιν
1295 1906 1414 1966 ἥδιον
1454 1908 1487 1951 δ’
1527 1905 1638 1968 ὅρος,

243 2002 339 2026 cum
356 1989 568 2040 particula
596 1984 659 2032 δὲ,
687 2000 736 2029 ut
752 1990 989 2031 Abreschio
1016 1992 1204 2031 docente
1226 1991 1282 2029 ad
1298 1990 1495 2046 Aeschyl.
1517 1992 1563 2030 L.
1585 1991 1638 2031 H.

241 2073 282 2111 p.
305 2067 373 2108 18,
421 2069 522 2113 592,
577 2074 620 2102 et
646 2067 693 2102 in
724 2065 922 2104 Lection.
957 2065 1169 2104 Aristaen.
1198 2070 1286 2109 252.
1325 2074 1497 2112 monet,
1544 2058 1639 2105 non

241 2146 413 2184 semper
447 2136 667 2181 secundo,
708 2137 785 2176 sed
822 2140 950 2176 etiam
984 2137 1183 2189 pluribus
1217 2136 1439 2176 vocabulis
1465 2135 1639 2176 subiici-

243 2220 351 2249 atur.
404 2213 473 2250 Sic
493 2215 583 2264 ipse
602 2213 886 2255 Archilochus
913 2215 1027 2254 infra
1048 2215 1201 2267 fragm.
1216 2218 1280 2266 94.
1308 2207 1475 2265 Ὀγμός
1495 2208 1635 2253 κακοῦ

244 2282 288 2326 δὲ
316 2283 476 2341 γήραος
507 2283 709 2340 καθήκει.

855 2478 1030 2524 ΧΧΧΙ.

247 2566 418 2630 Θυμέ,
461 2566 585 2631 ,θύμ’
620 2565 938 2632 ἀμηχάνοισι
975 2562 1146 2633 κήδεσι
1182 2570 1469 2636 κυκώμενε,

241 2658 447 2722 Ἄνεχε,
484 2659 751 2722 δυσμενῶν
781 2659 824 2707 δ’
850 2654 1033 2718 ἀλέξεο
1063 2662 1386 2732 προσβαλὼν
1415 2662 1635 2713 ἐναντίον

245 2752 485 2816 Στέρνον,
523 2749 570 2803 ἐν
593 2746 821 2800 δοκοῖσιν
850 2746 1067 2823 ἐχθρῶν
1090 2753 1303 2815 πλησίον
1326 2751 1637 2816 καταςαθείς
