<?xml version="1.0" encoding="UTF-8"?>
<!DOCTYPE html PUBLIC "-//W3C//DTD XHTML 1.0 Transitional//EN"
    "http://www.w3.org/TR/xhtml1/DTD/xhtml1-transitional.dtd">
<html xmlns="http://www.w3.org/1999/xhtml" xml:lang="en" lang="en">
 <head>
  <title>
</title>
<meta http-equiv="Content-Type" content="text/html;charset=utf-8" />
  <meta name='ocr-system' content='tesseract 3.04.00' />
  <meta name='ocr-capabilities' content='ocr_page ocr_carea ocr_par ocr_line ocrx_word'/>
</head>
<body>
  <div class='ocr_page' id='page_1' title='image "./iambographorumpr00archuoft_0108.png"; bbox 0 0 1846 3308; ppageno 0'>
   <div class='ocr_carea' id='block_1_1' title="bbox 401 493 1495 647">
    <p class='ocr_par' dir='ltr' id='par_1_1' title="bbox 401 493 1495 647">
     <span class='ocr_line' id='line_1_1' title="bbox 739 493 1495 568; baseline 0 -24"><span class='ocrx_word' id='word_1_1' title='bbox 739 562 744 568; x_wconf 91' lang='lat'><em>.</em></span> <span class='ocrx_word' id='word_1_2' title='bbox 1177 493 1277 544; x_wconf 85' lang='grc' dir='ltr'>Ἔα</span> <span class='ocrx_word' id='word_1_3' title='bbox 1310 493 1495 566; x_wconf 75' lang='grc' dir='ltr'><strong><em>Πάρον</em></strong></span> 
     </span>
     <span class='ocr_line' id='line_1_2' title="bbox 401 582 1473 647; baseline -0.001 -10"><span class='ocrx_word' id='word_1_4' title='bbox 401 585 514 640; x_wconf 13' lang='grc' dir='ltr'>Καὶ(</span> <span class='ocrx_word' id='word_1_5' title='bbox 539 586 679 638; x_wconf 77' lang='grc' dir='ltr'><strong><em>σῦκα</em></strong></span> <span class='ocrx_word' id='word_1_6' title='bbox 714 583 852 635; x_wconf 78' lang='grc' dir='ltr'><strong><em>κεῖνα</em></strong></span> <span class='ocrx_word' id='word_1_7' title='bbox 886 582 977 635; x_wconf 76' lang='grc' dir='ltr'>καὶ</span> <span class='ocrx_word' id='word_1_8' title='bbox 1009 583 1306 635; x_wconf 71' lang='grc' dir='ltr'>θαλάσσιον</span> <span class='ocrx_word' id='word_1_9' title='bbox 1341 585 1473 647; x_wconf 84' lang='grc' dir='ltr'><strong><em>βίον.</em></strong></span> 
     </span>
    </p>
   </div>
   <div class='ocr_carea' id='block_1_2' title="bbox 401 722 1512 878">
    <p class='ocr_par' dir='ltr' id='par_1_2' title="bbox 401 722 1512 878">
     <span class='ocr_line' id='line_1_3' title="bbox 1039 722 1512 772; baseline -0.008 -1"><span class='ocrx_word' id='word_1_10' title='bbox 1039 724 1191 772; x_wconf 88' lang='lat' dir='ltr'>Mitte</span> <span class='ocrx_word' id='word_1_11' title='bbox 1227 722 1294 770; x_wconf 88' lang='lat' dir='ltr'>sis</span> <span class='ocrx_word' id='word_1_12' title='bbox 1326 726 1512 770; x_wconf 89' lang='lat' dir='ltr'>Parum</span> 
     </span>
     <span class='ocr_line' id='line_1_4' title="bbox 401 804 1512 878; baseline -0.002 -17"><span class='ocrx_word' id='word_1_13' title='bbox 401 814 620 877; x_wconf 85' lang='lat' dir='ltr'>Illasque</span> <span class='ocrx_word' id='word_1_14' title='bbox 654 813 780 861; x_wconf 87' lang='lat' dir='ltr'>ficus</span> <span class='ocrx_word' id='word_1_15' title='bbox 818 826 967 878; x_wconf 85' lang='lat' dir='ltr'>atque</span> <span class='ocrx_word' id='word_1_16' title='bbox 1000 814 1158 862; x_wconf 84' lang='lat' dir='ltr'>vitam</span> <span class='ocrx_word' id='word_1_17' title='bbox 1192 814 1244 860; x_wconf 89' lang='lat' dir='ltr'>in</span> <span class='ocrx_word' id='word_1_18' title='bbox 1282 804 1512 877; x_wconf 75' lang='lat' dir='ltr'>aequore.</span> 
     </span>
    </p>
   </div>
   <div class='ocr_carea' id='block_1_3' title="bbox 243 939 1668 1538">
    <p class='ocr_par' dir='ltr' id='par_1_3' title="bbox 243 939 1668 1538">
     <span class='ocr_line' id='line_1_5' title="bbox 365 939 1662 1003; baseline -0.006 -12"><span class='ocrx_word' id='word_1_19' title='bbox 365 951 579 991; x_wconf 78' lang='lat' dir='ltr'><strong>Athenae.</strong></span> <span class='ocrx_word' id='word_1_20' title='bbox 607 951 655 990; x_wconf 88' lang='lat' dir='ltr'>L.</span> <span class='ocrx_word' id='word_1_21' title='bbox 677 951 751 993; x_wconf 85' lang='lat'>111.</span> <span class='ocrx_word' id='word_1_22' title='bbox 776 965 819 1003; x_wconf 90' lang='lat' dir='ltr'>p.</span> <span class='ocrx_word' id='word_1_23' title='bbox 842 953 905 1001; x_wconf 88' lang='lat'>76.</span> <span class='ocrx_word' id='word_1_24' title='bbox 939 949 990 989; x_wconf 88' lang='lat' dir='ltr'>B.</span> <span class='ocrx_word' id='word_1_25' title='bbox 1033 946 1123 990; x_wconf 77' lang='grc' dir='ltr'>τῶν</span> <span class='ocrx_word' id='word_1_26' title='bbox 1156 944 1190 988; x_wconf 77' lang='grc' dir='ltr'>δ’</span> <span class='ocrx_word' id='word_1_27' title='bbox 1220 945 1263 989; x_wconf 77' lang='grc' dir='ltr'>ἐν</span> <span class='ocrx_word' id='word_1_28' title='bbox 1293 946 1430 1003; x_wconf 75' lang='grc' dir='ltr'><strong><em>Πάρῳ</em></strong></span> <span class='ocrx_word' id='word_1_29' title='bbox 1459 943 1517 999; x_wconf 74' lang='grc' dir='ltr'>τῆ</span> <span class='ocrx_word' id='word_1_30' title='bbox 1546 939 1662 996; x_wconf 75' lang='grc' dir='ltr'><strong><em>νήσῳ</em></strong></span> 
     </span>
     <span class='ocr_line' id='line_1_6' title="bbox 243 1018 1663 1082; baseline -0.004 -16"><span class='ocrx_word' id='word_1_31' title='bbox 243 1023 487 1082; x_wconf 34' lang='grc' dir='ltr'><strong><em>,(διάφορα</em></strong></span> <span class='ocrx_word' id='word_1_32' title='bbox 526 1023 613 1080; x_wconf 74' lang='grc' dir='ltr'>γὰρ</span> <span class='ocrx_word' id='word_1_33' title='bbox 657 1024 893 1068; x_wconf 73' lang='grc' dir='ltr'><strong><em>κάνταῦθα</em></strong></span> <span class='ocrx_word' id='word_1_34' title='bbox 933 1023 1101 1081; x_wconf 77' lang='grc' dir='ltr'><strong><em>γίνεται</em></strong></span> <span class='ocrx_word' id='word_1_35' title='bbox 1146 1024 1261 1067; x_wconf 76' lang='grc' dir='ltr'><strong><em>σῦκα</em></strong></span> <span class='ocrx_word' id='word_1_36' title='bbox 1301 1025 1359 1066; x_wconf 78' lang='grc' dir='ltr'>τὰ</span> <span class='ocrx_word' id='word_1_37' title='bbox 1403 1018 1663 1076; x_wconf 76' lang='grc' dir='ltr'><strong><em>καλούμενα</em></strong></span> 
     </span>
     <span class='ocr_line' id='line_1_7' title="bbox 263 1097 1662 1159; baseline -0.005 -14"><span class='ocrx_word' id='word_1_38' title='bbox 263 1102 385 1159; x_wconf 79' lang='grc' dir='ltr'><strong><em>παρὰ</em></strong></span> <span class='ocrx_word' id='word_1_39' title='bbox 414 1101 507 1151; x_wconf 77' lang='grc' dir='ltr'>τοῖς</span> <span class='ocrx_word' id='word_1_40' title='bbox 535 1101 716 1159; x_wconf 77' lang='grc' dir='ltr'><strong><em>Παρίοις</em></strong></span> <span class='ocrx_word' id='word_1_41' title='bbox 737 1102 940 1159; x_wconf 78' lang='grc' dir='ltr'>αἱμώνια,</span> <span class='ocrx_word' id='word_1_42' title='bbox 968 1098 1117 1146; x_wconf 74' lang='grc' dir='ltr'><strong><em>ταῦτὰ</em></strong></span> <span class='ocrx_word' id='word_1_43' title='bbox 1147 1097 1258 1145; x_wconf 70' lang='grc' dir='ltr'><strong><em>ὄντα</em></strong></span> <span class='ocrx_word' id='word_1_44' title='bbox 1281 1102 1373 1152; x_wconf 77' lang='grc' dir='ltr'>τοῖς</span> <span class='ocrx_word' id='word_1_45' title='bbox 1395 1098 1562 1145; x_wconf 80' lang='grc' dir='ltr'>Λυδίοις</span> <span class='ocrx_word' id='word_1_46' title='bbox 1587 1112 1662 1139; x_wconf 80' lang='grc' dir='ltr'>κα·</span> 
     </span>
     <span class='ocr_line' id='line_1_8' title="bbox 264 1175 1666 1238; baseline -0.002 -17"><span class='ocrx_word' id='word_1_47' title='bbox 264 1177 521 1237; x_wconf 83' lang='grc' dir='ltr'><strong><em>λουμένοις,</em></strong></span> <span class='ocrx_word' id='word_1_48' title='bbox 560 1176 673 1235; x_wconf 68' lang='grc' dir='ltr'><strong><em>οἵπερ</em></strong></span> <span class='ocrx_word' id='word_1_49' title='bbox 709 1179 779 1221; x_wconf 83' lang='grc' dir='ltr'>διὰ</span> <span class='ocrx_word' id='word_1_50' title='bbox 808 1179 860 1223; x_wconf 83' lang='grc' dir='ltr'>τὸ</span> <span class='ocrx_word' id='word_1_51' title='bbox 891 1179 1131 1238; x_wconf 70' lang='grc' dir='ltr'><em>ἐρυθρῶδες</em></span> <span class='ocrx_word' id='word_1_52' title='bbox 1166 1178 1240 1221; x_wconf 78' lang='grc' dir='ltr'>καὶ</span> <span class='ocrx_word' id='word_1_53' title='bbox 1269 1180 1346 1235; x_wconf 70' lang='grc' dir='ltr'>τῆς</span> <span class='ocrx_word' id='word_1_54' title='bbox 1375 1175 1666 1236; x_wconf 72' lang='grc' dir='ltr'><strong><em>προσηγορίας</em></strong></span> 
     </span>
     <span class='ocr_line' id='line_1_9' title="bbox 264 1247 1665 1316; baseline -0.003 -17"><span class='ocrx_word' id='word_1_55' title='bbox 264 1256 431 1316; x_wconf 73' lang='grc' dir='ltr'><strong><em>ταύτης</em></strong></span> <span class='ocrx_word' id='word_1_56' title='bbox 482 1256 650 1314; x_wconf 77' lang='grc' dir='ltr'>ἔτυχε)</span> <span class='ocrx_word' id='word_1_57' title='bbox 691 1256 966 1315; x_wconf 80' lang='grc' dir='ltr'><strong><em>Ἀρχίλοχος</em></strong></span> <span class='ocrx_word' id='word_1_58' title='bbox 1006 1256 1266 1316; x_wconf 70' lang='grc' dir='ltr'><strong><em>μνημονεύει</em></strong></span> <span class='ocrx_word' id='word_1_59' title='bbox 1313 1255 1459 1312; x_wconf 74' lang='grc' dir='ltr'><strong><em>λέγων</em></strong></span> <span class='ocrx_word' id='word_1_60' title='bbox 1497 1247 1665 1303; x_wconf 72' lang='grc' dir='ltr'><strong><em>οὕτως·</em></strong></span> 
     </span>
     <span class='ocr_line' id='line_1_10' title="bbox 257 1329 1667 1393; baseline -0.002 -18"><span class='ocrx_word' id='word_1_61' title='bbox 257 1329 346 1376; x_wconf 76' lang='grc' dir='ltr'>’Έα</span> <span class='ocrx_word' id='word_1_62' title='bbox 387 1333 538 1393; x_wconf 77' lang='grc' dir='ltr'><strong><em>Πάρον</em></strong></span> <span class='ocrx_word' id='word_1_63' title='bbox 579 1351 621 1377; x_wconf 86' lang='grc' dir='ltr'>κ.</span> <span class='ocrx_word' id='word_1_64' title='bbox 651 1351 692 1379; x_wconf 79' lang='grc' dir='ltr'>τ.</span> <span class='ocrx_word' id='word_1_65' title='bbox 722 1334 766 1377; x_wconf 88' lang='grc' dir='ltr'>λ.</span> <span class='ocrx_word' id='word_1_66' title='bbox 827 1339 962 1379; x_wconf 87' lang='lat' dir='ltr'><strong>Addit</strong></span> <span class='ocrx_word' id='word_1_67' title='bbox 989 1339 1223 1393; x_wconf 79' lang='lat' dir='ltr'><strong>deinceps,</strong></span> <span class='ocrx_word' id='word_1_68' title='bbox 1261 1339 1335 1378; x_wconf 86' lang='lat' dir='ltr'>has</span> <span class='ocrx_word' id='word_1_69' title='bbox 1366 1338 1471 1378; x_wconf 85' lang='lat' dir='ltr'>ficus</span> <span class='ocrx_word' id='word_1_70' title='bbox 1498 1346 1667 1375; x_wconf 79' lang='lat' dir='ltr'>tantum</span> 
     </span>
     <span class='ocr_line' id='line_1_11' title="bbox 267 1410 1668 1468; baseline -0.003 -18"><span class='ocrx_word' id='word_1_71' title='bbox 267 1410 444 1451; x_wconf 84' lang='lat' dir='ltr'>differre</span> <span class='ocrx_word' id='word_1_72' title='bbox 474 1427 498 1452; x_wconf 89' lang='lat' dir='ltr'>a</span> <span class='ocrx_word' id='word_1_73' title='bbox 524 1412 800 1468; x_wconf 86' lang='lat' dir='ltr'>vulgaribus,</span> <span class='ocrx_word' id='word_1_74' title='bbox 841 1423 1053 1466; x_wconf 89' lang='lat' dir='ltr'>quantum</span> <span class='ocrx_word' id='word_1_75' title='bbox 1082 1417 1172 1465; x_wconf 85' lang='lat' dir='ltr'>apri</span> <span class='ocrx_word' id='word_1_76' title='bbox 1204 1426 1304 1452; x_wconf 84' lang='lat' dir='ltr'>caro</span> <span class='ocrx_word' id='word_1_77' title='bbox 1334 1425 1357 1451; x_wconf 87' lang='lat' dir='ltr'>a</span> <span class='ocrx_word' id='word_1_78' title='bbox 1387 1423 1515 1451; x_wconf 83' lang='lat' dir='ltr'>carne</span> <span class='ocrx_word' id='word_1_79' title='bbox 1541 1410 1668 1462; x_wconf 85' lang='lat' dir='ltr'>porci</span> 
     </span>
     <span class='ocr_line' id='line_1_12' title="bbox 268 1480 1665 1538; baseline -0.003 -16"><span class='ocrx_word' id='word_1_80' title='bbox 268 1484 396 1524; x_wconf 79' lang='lat' dir='ltr'>altilis</span> <span class='ocrx_word' id='word_1_81' title='bbox 426 1483 586 1525; x_wconf 84' lang='lat' dir='ltr'>differt.</span> <span class='ocrx_word' id='word_1_82' title='bbox 647 1485 717 1524; x_wconf 89' lang='lat' dir='ltr'>De</span> <span class='ocrx_word' id='word_1_83' title='bbox 744 1488 869 1525; x_wconf 83' lang='lat' dir='ltr'>variis</span> <span class='ocrx_word' id='word_1_84' title='bbox 897 1485 1054 1525; x_wconf 87' lang='lat' dir='ltr'><strong>ficuum</strong></span> <span class='ocrx_word' id='word_1_85' title='bbox 1084 1485 1317 1538; x_wconf 85' lang='lat' dir='ltr'>generibus</span> <span class='ocrx_word' id='word_1_86' title='bbox 1346 1493 1389 1524; x_wconf 86' lang='lat' dir='ltr'>et</span> <span class='ocrx_word' id='word_1_87' title='bbox 1414 1480 1665 1523; x_wconf 76' lang='lat' dir='ltr'>nominibus</span> 
     </span>
    </p>
   </div>
   <div class='ocr_carea' id='block_1_4' title="bbox 265 1555 1670 2337">
    <p class='ocr_par' dir='ltr' id='par_1_4' title="bbox 265 1555 1670 1975">
     <span class='ocr_line' id='line_1_13' title="bbox 265 1555 1668 1599; baseline 0.001 -5"><span class='ocrx_word' id='word_1_88' title='bbox 265 1556 367 1595; x_wconf 86' lang='lat' dir='ltr'>vide</span> <span class='ocrx_word' id='word_1_89' title='bbox 393 1556 501 1596; x_wconf 86' lang='lat' dir='ltr'>ibid.</span> <span class='ocrx_word' id='word_1_90' title='bbox 524 1557 740 1598; x_wconf 81' lang='lat' dir='ltr'><strong>Athenae.</strong></span> <span class='ocrx_word' id='word_1_91' title='bbox 763 1568 805 1597; x_wconf 85' lang='lat' dir='ltr'>et</span> <span class='ocrx_word' id='word_1_92' title='bbox 824 1559 1021 1599; x_wconf 85' lang='lat' dir='ltr'>Macrob.</span> <span class='ocrx_word' id='word_1_93' title='bbox 1043 1561 1214 1599; x_wconf 82' lang='lat' dir='ltr'>Saturn.</span> <span class='ocrx_word' id='word_1_94' title='bbox 1241 1558 1289 1596; x_wconf 90' lang='lat' dir='ltr'>L.</span> <span class='ocrx_word' id='word_1_95' title='bbox 1308 1557 1379 1596; x_wconf 91' lang='lat'>111.</span> <span class='ocrx_word' id='word_1_96' title='bbox 1409 1557 1457 1596; x_wconf 87' lang='lat' dir='ltr'>C.</span> <span class='ocrx_word' id='word_1_97' title='bbox 1477 1569 1538 1594; x_wconf 84' lang='lat'>20.</span> <span class='ocrx_word' id='word_1_98' title='bbox 1592 1555 1668 1596; x_wconf 88' lang='lat' dir='ltr'>vi-</span> 
     </span>
     <span class='ocr_line' id='line_1_14' title="bbox 268 1626 1668 1685; baseline -0.003 -17"><span class='ocrx_word' id='word_1_99' title='bbox 268 1628 396 1668; x_wconf 87' lang='lat' dir='ltr'>detur</span> <span class='ocrx_word' id='word_1_100' title='bbox 433 1629 519 1670; x_wconf 92' lang='lat' dir='ltr'>hoc</span> <span class='ocrx_word' id='word_1_101' title='bbox 554 1632 846 1685; x_wconf 77' lang='lat' dir='ltr'>fragmentum</span> <span class='ocrx_word' id='word_1_102' title='bbox 872 1645 970 1684; x_wconf 82' lang='lat' dir='ltr'>pars</span> <span class='ocrx_word' id='word_1_103' title='bbox 1009 1646 1102 1671; x_wconf 88' lang='lat' dir='ltr'>esse</span> <span class='ocrx_word' id='word_1_104' title='bbox 1138 1633 1361 1678; x_wconf 84' lang='lat' dir='ltr'><strong>carminis,</strong></span> <span class='ocrx_word' id='word_1_105' title='bbox 1408 1641 1496 1682; x_wconf 89' lang='lat' dir='ltr'>quo</span> <span class='ocrx_word' id='word_1_106' title='bbox 1524 1626 1594 1665; x_wconf 88' lang='lat' dir='ltr'>vel</span> <span class='ocrx_word' id='word_1_107' title='bbox 1621 1638 1668 1665; x_wconf 83' lang='lat' dir='ltr'>se</span> 
     </span>
     <span class='ocr_line' id='line_1_15' title="bbox 265 1701 1667 1757; baseline -0.002 -17"><span class='ocrx_word' id='word_1_108' title='bbox 265 1704 362 1754; x_wconf 86' lang='lat' dir='ltr'>ipse</span> <span class='ocrx_word' id='word_1_109' title='bbox 381 1702 456 1757; x_wconf 26' lang='lat' dir='ltr'>vel·</span> <span class='ocrx_word' id='word_1_110' title='bbox 474 1703 580 1743; x_wconf 82' lang='lat' dir='ltr'>alios</span> <span class='ocrx_word' id='word_1_111' title='bbox 599 1714 732 1755; x_wconf 81' lang='lat' dir='ltr'>poeta</span> <span class='ocrx_word' id='word_1_112' title='bbox 753 1702 945 1743; x_wconf 79' lang='lat' dir='ltr'>hortatus</span> <span class='ocrx_word' id='word_1_113' title='bbox 970 1713 1034 1742; x_wconf 80' lang='lat' dir='ltr'>est</span> <span class='ocrx_word' id='word_1_114' title='bbox 1055 1704 1110 1742; x_wconf 81' lang='lat' dir='ltr'>ad</span> <span class='ocrx_word' id='word_1_115' title='bbox 1132 1702 1469 1756; x_wconf 86' lang='lat' dir='ltr'>relinquendam</span> <span class='ocrx_word' id='word_1_116' title='bbox 1493 1701 1667 1748; x_wconf 81' lang='lat' dir='ltr'>Parum,</span> 
     </span>
     <span class='ocr_line' id='line_1_16' title="bbox 269 1769 1668 1830; baseline -0.002 -17"><span class='ocrx_word' id='word_1_117' title='bbox 269 1769 385 1814; x_wconf 84' lang='lat' dir='ltr'>etin</span> <span class='ocrx_word' id='word_1_118' title='bbox 412 1774 603 1815; x_wconf 82' lang='lat' dir='ltr'>Thasum</span> <span class='ocrx_word' id='word_1_119' title='bbox 633 1777 945 1830; x_wconf 81' lang='lat' dir='ltr'>emigrandum.</span> <span class='ocrx_word' id='word_1_120' title='bbox 1008 1776 1126 1815; x_wconf 91' lang='lat' dir='ltr'>Hinc</span> <span class='ocrx_word' id='word_1_121' title='bbox 1154 1789 1267 1829; x_wconf 82' lang='lat' dir='ltr'>quae</span> <span class='ocrx_word' id='word_1_122' title='bbox 1292 1779 1336 1814; x_wconf 88' lang='lat' dir='ltr'>in</span> <span class='ocrx_word' id='word_1_123' title='bbox 1366 1775 1476 1814; x_wconf 83' lang='lat' dir='ltr'>Paro</span> <span class='ocrx_word' id='word_1_124' title='bbox 1512 1777 1668 1828; x_wconf 76' lang='lat' dir='ltr'>agitur,</span> 
     </span>
     <span class='ocr_line' id='line_1_17' title="bbox 268 1843 1670 1901; baseline -0.002 -14"><span class='ocrx_word' id='word_1_125' title='bbox 268 1850 399 1887; x_wconf 86' lang='lat' dir='ltr'>vitam</span> <span class='ocrx_word' id='word_1_126' title='bbox 428 1849 612 1901; x_wconf 85' lang='lat' dir='ltr'>despicit</span> <span class='ocrx_word' id='word_1_127' title='bbox 641 1859 684 1888; x_wconf 88' lang='lat' dir='ltr'>et</span> <span class='ocrx_word' id='word_1_128' title='bbox 712 1849 850 1889; x_wconf 81' lang='lat' dir='ltr'>elevat</span> <span class='ocrx_word' id='word_1_129' title='bbox 858 1844 977 1898; x_wconf 79' lang='lat' dir='ltr'>,&#39;ubi</span> <span class='ocrx_word' id='word_1_130' title='bbox 1003 1849 1114 1890; x_wconf 89' lang='lat' dir='ltr'>nihil</span> <span class='ocrx_word' id='word_1_131' title='bbox 1139 1851 1225 1890; x_wconf 84' lang='lat' dir='ltr'>nisi</span> <span class='ocrx_word' id='word_1_132' title='bbox 1249 1847 1354 1888; x_wconf 85' lang='lat' dir='ltr'>ficus</span> <span class='ocrx_word' id='word_1_133' title='bbox 1384 1857 1428 1888; x_wconf 88' lang='lat' dir='ltr'>et</span> <span class='ocrx_word' id='word_1_134' title='bbox 1452 1850 1591 1899; x_wconf 85' lang='lat' dir='ltr'>pisces</span> <span class='ocrx_word' id='word_1_135' title='bbox 1613 1843 1670 1885; x_wconf 84' lang='lat' dir='ltr'>ad</span> 
     </span>
     <span class='ocr_line' id='line_1_18' title="bbox 267 1923 792 1975; baseline 0.008 -16"><span class='ocrx_word' id='word_1_136' title='bbox 267 1932 478 1960; x_wconf 82' lang='lat' dir='ltr'>nauseam</span> <span class='ocrx_word' id='word_1_137' title='bbox 504 1936 645 1975; x_wconf 85' lang='lat' dir='ltr'>usque</span> <span class='ocrx_word' id='word_1_138' title='bbox 675 1923 792 1963; x_wconf 84' lang='lat' dir='ltr'>edas.</span> 
     </span>
    </p>

    <p class='ocr_par' dir='ltr' id='par_1_5' title="bbox 269 1992 1670 2337">
     <span class='ocr_line' id='line_1_19' title="bbox 368 1992 1670 2054; baseline -0.002 -18"><span class='ocrx_word' id='word_1_139' title='bbox 368 1992 700 2047; x_wconf 82' lang='grc' dir='ltr'><strong><em>Θαλάσσιος</em></strong></span> <span class='ocrx_word' id='word_1_140' title='bbox 749 1995 870 2048; x_wconf 81' lang='grc' dir='ltr'><strong><em>βίος</em></strong></span> <span class='ocrx_word' id='word_1_141' title='bbox 916 2010 980 2040; x_wconf 89' lang='lat' dir='ltr'>est</span> <span class='ocrx_word' id='word_1_142' title='bbox 1012 2003 1303 2054; x_wconf 84' lang='lat' dir='ltr'>piscatorum,</span> <span class='ocrx_word' id='word_1_143' title='bbox 1363 2001 1438 2052; x_wconf 86' lang='lat' dir='ltr'>qui</span> <span class='ocrx_word' id='word_1_144' title='bbox 1477 2011 1528 2037; x_wconf 89' lang='lat' dir='ltr'>ex</span> <span class='ocrx_word' id='word_1_145' title='bbox 1561 1996 1670 2034; x_wconf 84' lang='lat' dir='ltr'>mari</span> 
     </span>
     <span class='ocr_line' id='line_1_20' title="bbox 269 2069 1669 2124; baseline -0.002 -15"><span class='ocrx_word' id='word_1_146' title='bbox 269 2074 467 2110; x_wconf 78' lang='lat' dir='ltr'>victitant</span> <span class='ocrx_word' id='word_1_147' title='bbox 495 2081 538 2110; x_wconf 86' lang='lat' dir='ltr'>et</span> <span class='ocrx_word' id='word_1_148' title='bbox 568 2075 784 2112; x_wconf 89' lang='lat' dir='ltr'>continuis</span> <span class='ocrx_word' id='word_1_149' title='bbox 812 2076 859 2112; x_wconf 89' lang='lat' dir='ltr'>in</span> <span class='ocrx_word' id='word_1_150' title='bbox 889 2073 1017 2114; x_wconf 84' lang='lat' dir='ltr'>undis</span> <span class='ocrx_word' id='word_1_151' title='bbox 1045 2073 1269 2114; x_wconf 83' lang='lat' dir='ltr'>laboribus</span> <span class='ocrx_word' id='word_1_152' title='bbox 1298 2082 1341 2111; x_wconf 89' lang='lat' dir='ltr'>et</span> <span class='ocrx_word' id='word_1_153' title='bbox 1367 2069 1568 2124; x_wconf 85' lang='lat' dir='ltr'>periculis</span> <span class='ocrx_word' id='word_1_154' title='bbox 1598 2081 1669 2107; x_wconf 89' lang='lat' dir='ltr'>ve·-</span> 
     </span>
     <span class='ocr_line' id='line_1_21' title="bbox 270 2141 1669 2199; baseline -0.001 -17"><span class='ocrx_word' id='word_1_155' title='bbox 270 2154 449 2183; x_wconf 84' lang='lat' dir='ltr'>xantur:</span> <span class='ocrx_word' id='word_1_156' title='bbox 483 2144 603 2183; x_wconf 87' lang='lat' dir='ltr'>unde</span> <span class='ocrx_word' id='word_1_157' title='bbox 628 2158 650 2182; x_wconf 86' lang='lat' dir='ltr'>a</span> <span class='ocrx_word' id='word_1_158' title='bbox 669 2145 878 2185; x_wconf 73' lang='lat' dir='ltr'>Pancrate</span> <span class='ocrx_word' id='word_1_159' title='bbox 900 2146 1017 2199; x_wconf 81' lang='lat' dir='ltr'>apud</span> <span class='ocrx_word' id='word_1_160' title='bbox 1036 2145 1248 2186; x_wconf 83' lang='lat' dir='ltr'>Athenae.</span> <span class='ocrx_word' id='word_1_161' title='bbox 1269 2146 1316 2183; x_wconf 93' lang='lat' dir='ltr'>L.</span> <span class='ocrx_word' id='word_1_162' title='bbox 1331 2143 1443 2183; x_wconf 89' lang='lat' dir='ltr'><strong>VIII.</strong></span> <span class='ocrx_word' id='word_1_163' title='bbox 1463 2157 1499 2195; x_wconf 83' lang='lat' dir='ltr'>p</span> <span class='ocrx_word' id='word_1_164' title='bbox 1522 2149 1610 2190; x_wconf 76' lang='lat'>521.</span> <span class='ocrx_word' id='word_1_165' title='bbox 1624 2141 1669 2179; x_wconf 87' lang='lat' dir='ltr'>F.</span> 
     </span>
     <span class='ocr_line' id='line_1_22' title="bbox 273 2214 1670 2276; baseline -0.001 -19"><span class='ocrx_word' id='word_1_166' title='bbox 273 2214 458 2274; x_wconf 74' lang='grc' dir='ltr'><strong><em>ἁλίζωοι</em></strong></span> <span class='ocrx_word' id='word_1_167' title='bbox 502 2222 729 2261; x_wconf 81' lang='lat' dir='ltr'>dicuntur:</span> <span class='ocrx_word' id='word_1_168' title='bbox 782 2216 860 2270; x_wconf 78' lang='lat' dir='ltr'>“A5</span> <span class='ocrx_word' id='word_1_169' title='bbox 899 2235 950 2262; x_wconf 74' lang='grc' dir='ltr'>τε</span> <span class='ocrx_word' id='word_1_170' title='bbox 985 2219 1098 2272; x_wconf 83' lang='grc' dir='ltr'><strong><em>βόας</em></strong></span> <span class='ocrx_word' id='word_1_171' title='bbox 1131 2219 1317 2276; x_wconf 70' lang='grc' dir='ltr'><strong><em>πορκῆες</em></strong></span> <span class='ocrx_word' id='word_1_172' title='bbox 1365 2214 1550 2275; x_wconf 75' lang='grc' dir='ltr'><strong><em>ἁλίζωοι</em></strong></span> <span class='ocrx_word' id='word_1_173' title='bbox 1594 2229 1670 2257; x_wconf 83' lang='grc' dir='ltr'>κα-</span> 
     </span>
     <span class='ocr_line' id='line_1_23' title="bbox 273 2292 464 2337; baseline 0.01 -2"><span class='ocrx_word' id='word_1_174' title='bbox 273 2292 464 2337; x_wconf 82' lang='grc' dir='ltr'><strong><em>λέουσιν.</em></strong></span> 
     </span>
    </p>
   </div>
   <div class='ocr_carea' id='block_1_5' title="bbox 411 2484 1541 2640">
    <p class='ocr_par' dir='ltr' id='par_1_6' title="bbox 411 2484 1541 2640">
     <span class='ocr_line' id='line_1_24' title="bbox 844 2484 1012 2541; baseline 0 -13"><span class='ocrx_word' id='word_1_175' title='bbox 844 2526 855 2541; x_wconf 35' lang='lat' dir='ltr'><em>l</em></span> <span class='ocrx_word' id='word_1_176' title='bbox 926 2484 1012 2528; x_wconf 82' lang='lat' dir='ltr'>XI.</span> 
     </span>
     <span class='ocr_line' id='line_1_25' title="bbox 411 2565 1541 2640; baseline 0.002 -21"><span class='ocrx_word' id='word_1_177' title='bbox 411 2567 520 2620; x_wconf 83' lang='grc' dir='ltr'>Οὐκ</span> <span class='ocrx_word' id='word_1_178' title='bbox 558 2570 619 2619; x_wconf 78' lang='grc' dir='ltr'>οἳν</span> <span class='ocrx_word' id='word_1_179' title='bbox 656 2567 869 2640; x_wconf 78' lang='grc' dir='ltr'><strong><em>μύροισι</em></strong></span> <span class='ocrx_word' id='word_1_180' title='bbox 905 2568 1068 2637; x_wconf 77' lang='grc' dir='ltr'><strong><em>γραῦς</em></strong></span> <span class='ocrx_word' id='word_1_181' title='bbox 1104 2565 1244 2618; x_wconf 79' lang='grc' dir='ltr'><strong><em>ἔοῦσ’</em></strong></span> <span class='ocrx_word' id='word_1_182' title='bbox 1277 2566 1541 2636; x_wconf 62' lang='grc' dir='ltr'><strong><em>ἢλείφετο.</em></strong></span> 
     </span>
    </p>
   </div>
   <div class='ocr_carea' id='block_1_6' title="bbox 405 2705 1599 2771">
    <p class='ocr_par' dir='ltr' id='par_1_7' title="bbox 405 2705 1599 2771">
     <span class='ocr_line' id='line_1_26' title="bbox 405 2705 1599 2771; baseline -0.001 -16"><span class='ocrx_word' id='word_1_183' title='bbox 405 2709 527 2755; x_wconf 89' lang='lat' dir='ltr'>Non</span> <span class='ocrx_word' id='word_1_184' title='bbox 561 2705 807 2769; x_wconf 84' lang='lat' dir='ltr'>decrepita</span> <span class='ocrx_word' id='word_1_185' title='bbox 844 2705 1110 2753; x_wconf 81' lang='lat' dir='ltr'>selineret</span> <span class='ocrx_word' id='word_1_186' title='bbox 1144 2706 1421 2771; x_wconf 86' lang='lat' dir='ltr'>unguentis</span> <span class='ocrx_word' id='word_1_187' title='bbox 1458 2722 1599 2754; x_wconf 85' lang='lat' dir='ltr'>anus.</span> 
     </span>
    </p>
   </div>
  </div>
 </body>
</html>
