1846 3308
686 321 1029 363 ·—·-17—

142 438 317 478 meofirov
344 436 445 480 κλέος
476 438 681 478 ἀπολιπὼν,
724 438 782 473 καὶ
809 437 974 484 τοιαύτην
1006 437 1124 484 ἐαυτῷ
1153 440 1290 487 Φήμην.
1350 445 1466 478 ταῦτα
1492 442 1555 481 οὐκ

156 505 232 550 by&
260 505 320 541 τὸν
345 503 578 553 Ἀρχίλοχον
604 504 796 549 αἰτιῶμαι.
828 506 1111 553 ἀλλὰγΚριτιάς.
1166 507 1406 544 Maximus
1440 511 1552 558 Tyr.

154 571 430 610 Dissertat.
448 573 593 610 XXIV-
615 585 654 620 p.
666 577 746 616 477.
764 572 823 610 τόν
844 573 882 610 δὲ
897 573 1129 623 ’Δρχιλόχου
1148 573 1262 622 ἔρωτα
1279 575 1443 626 (ὕβρις-ᾗς
1460 579 1554 626 γὰρ)

155 645 296 690 χαίρειν
318 642 377 678 ἐῶ.
399 639 483 677 vid.
502 639 618 674 etiam
634 639 669 684 §.
687 640 757 676 IV.
779 649 860 677 not.
878 639 906 676 l.
928 639 1067 677 Euseb.
1085 643 1125 679 P.
1142 643 1216 679 ΕΝ.
1232 656 1271 691 p.
1288 650 1369 688 228.

249 710 297 754 c)
329 707 476 743 Aelian.
493 705 521 743 l.
542 719 574 747 c.
594 717 632 742 et
648 706 783 756 fragm.
802 716 860 751 51.

248 775 299 820 d)
330 774 510 811 Athenae.
533 775 581 810 L.
596 775 702 813 er.
730 788 769 824 p.
787 775 868 820 627.
887 775 930 812 C.
955 774 1089 827 fragm.
1109 783 1166 822 52.

247 845 292 890 e)
324 841 472 880 Aelian.
493 843 521 881 l.
542 855 576 878 c.
610 842 857 891 Aristophan.
888 845 1036 881 strabo.
1064 847 1167 881 Sext.
1197 845 1429 895 Empiricus.
1463 846 1547 883 Plu-

154 911 318 949 tarchus.
337 910 419 946 vid.
438 909 573 959 fragm.
591 917 649 954 51.

243 979 285 1026 f)
315 978 506 1014 Plutarch.
533 979 580 1013 T.
598 979 668 1016 VI.
694 991 733 1027 p.
753 984 837 1023 888.
862 979 909 1015 de
928 981 1054 1016 Instit.
1072 981 1293 1017 Laconicis:
1315 981 1545 1033 Ἀρχίλοχον

150 1030 212 1086 ἸΨόιν
241 1048 389 1094 roma-32¹0
420 1048 455 1085 ἐν
482 1045 724 1092 Λακεδαίμονι
753 1048 940 1095 ’γενόμενον
978 1048 1085 1094 αὐτῆς
1118 1046 1211 1099 αἴρας
1243 1050 1410 1093 ἐδίωξαν,
1455 1054 1547 1089 Mn

151 1115 355 1163 ἔτίγνωσαν
381 1115 485 1153 αὐτὸν
513 1115 750 1161 *armanda-a,
793 1118 840 1159 ὡς
866 1119 1026 1163 κρεῖττόν
1055 1118 1123 1162 ἐςιν
1154 1119 1350 1164 ἀποβαλεῖν
1376 1119 1423 1155 τὰ
1448 1115 1544 1156 ὅπλα

104 1232 108 1235 ⁴
149 1180 176 1230 ἢ
194 1185 399 1223 ἀποθανεῖν.

753 1446 797 1512 ξ.
831 1451 936 1497 vn.

251 1560 388 1612 Quod
405 1572 509 1598 vero
530 1557 588 1598 ad
606 1561 808 1598 virtutem
827 1562 1045 1611 poeticam
1063 1558 1336 1608 Archilochi,
1372 1563 1539 1614 ingenii

146 1635 235 1671 vim
263 1632 613 1686 elegantiamque
641 1641 685 1670 et
704 1641 837 1670 artem
865 1634 1103 1670 carminum
1130 1637 1309 1682 attinet,
1343 1636 1404 1673 ita
1434 1638 1537 1674 erni-

147 1708 270 1753 nuit,
302 1715 353 1744 ut
368 1714 533 1744 veteres
564 1718 663 1744 eum
682 1707 854 1744 maximi
878 1704 1099 1752 facerem,
1137 1715 1181 1744 et
1198 1710 1371 1746 summis
1396 1707 1537 1747 laudi-

148 1776 230 1817 bus
253 1778 429 1817 ferrent.
480 1778 590 1816 Eum
611 1778 734 1817 Plato
759 1780 1121 1830 sapientissimum
1147 1789 1275 1817 vocat
1280 1781 1350 1831 ,²)
1382 1781 1535 1821 Cicero

146 1853 291 1902 poetis
309 1849 579 1902 principibus
600 1853 649 1889 in
670 1864 750 1890 suo
770 1863 932 1904 genere
955 1850 1211 1889 adnumerat
1219 1852 1292 1899 ,ἣ
1315 1862 1357 1891 et
1376 1853 1536 1907 Longi·

146 1934 229 1961 nus
250 1924 378 1961 etiam
395 1931 568 1974 praeter
584 1923 840 1971 Homerum,
867 1922 1103 1962 Pindarum
1123 1933 1167 1962 et
1181 1922 1459 1975 Sophoclem,
1488 1936 1537 1964 ut

145 1998 302 2035 summi
322 2005 483 2047 poetae
505 1995 771 2047 exemplum,
805 1993 1113 2035 Archilochum
1130 1999 1362 2047 proponit,
1396 1999 1536 2049 impe-

143 2080 238 2110 tum
261 2071 396 2110 divini
415 2074 588 2123 spiritus
619 2075 660 2111 ei
688 2070 863 2119 tribuit,
901 2082 944 2110 et
966 2065 1301 2124 ὁμηρικῶτατον
1322 2086 1413 2112 esse
1433 2087 1534 2114 cen-

144 2143 290 2196 set,‹l)
309 2146 421 2183 sicut
449 2154 494 2183 et
511 2145 661 2183 Sextus
683 2145 923 2197 Empiricus
945 2158 1046 2183 eum
1066 2154 1239 2196 praeter
1259 2155 1425 2186 ceteros
1435 2175 1450 2195 ,
1486 2158 1536 2187 ut

144 2215 390 2273 ποιητικὸν,
412 2221 597 2274 exempli
622 2235 750 2261 causa
769 2219 1012 2272 adducit.e)
1054 2220 1364 2273 Aristophanes
1383 2223 1535 2264 Gram-

142 2297 324 2334 maticus
347 2293 554 2334 iudicavit
578 2295 770 2334 iambum
799 2292 1049 2333 Archilochi
1072 2293 1372 2348 longissimum
1405 2301 1534 2337 etiam

145 2380 240 2406 esse
260 2370 485 2420 optimum.
498 2365 517 2396 f
526 2368 541 2419 )
581 2366 904 2419 Quinctilianus
923 2365 1164 2406 elocutioni
1185 2370 1276 2407 eius
1297 2378 1340 2408 et
1357 2381 1532 2410 senten-

144 2441 214 2478 tiis
234 2452 443 2479 summam
461 2439 638 2479 laudem
656 2439 818 2479 tribuit.
831 2440 874 2491 g)
926 2439 1254 2492 Hippodromus
1271 2439 1440 2481 Rhetor
1454 2445 1533 2482 Ar-

145 2513 392 2556 chilochum
419 2513 594 2570 πνεῦμα
615 2512 836 2569 σοφιςῶν.
872 2526 922 2555 ut
938 2516 1181 2556 Homerum
1201 2513 1354 2570 φωνὴν
1382 2534 1533 2559 eorum

145 2591 321 2644 dixit.¹¹)
371 2594 573 2648 Synesius
602 2605 746 2634 autem
772 2586 851 2632 τὸν
882 2586 1098 2642 κὰλλιςον
1125 2590 1216 2632 τῶν
1238 2591 1432 2647 ποιητῶν
1460 2610 1534 2636 vo·

143 2678 242 2703 care
263 2678 357 2705 non
376 2665 615 2720 dubitat.i)
677 2669 915 2707 Maximum
935 2675 1113 2719 poetam
1135 2677 1210 2706 aut
1231 2679 1344 2707 certe
1364 2682 1531 2708 summo

140 2741 386 2789 proximum
394 2739 592 2781 Valerius
607 2741 820 2780 Maximus
843 2753 942 2779 eum
960 2739 1199 2792 praedicat,
1212 2739 1260 2790 k)
1283 2750 1326 2778 et
1339 2740 1532 2780 Velleius

141 2810 391 2850 paterculus
407 2811 646 2852 Homerum
666 2822 710 2851 et
724 2810 1030 2851 Archilochum
1052 2822 1218 2851 tantum
1240 2815 1286 2851 in
1303 2826 1381 2852 suo
1400 2826 1533 2866 gene„

999 2883 1031 2920 Β
