1846 3308
640 296 708 304 -.
778 275 877 324 259
944 292 1014 301 .-.

131 406 202 446 vel
228 404 502 444 Athenaeum
528 405 670 454 ipsum
695 401 827 440 fuisse
855 399 1110 451 deceptum,
1153 399 1221 439 vel
1259 399 1407 440 locum
1434 414 1527 442 esse

134 456 386 530 corruptum
414 486 457 516 et
481 475 719 529 legendum
754 486 846 511 esse
871 470 1158 523 Archippum,
1206 472 1352 522 (cuius
1380 484 1527 516 tamen.

134 553 283 592 drama
311 549 396 590 1100
426 548 554 587 titulo
582 545 700 598 apud
724 555 890 584 veteres
917 557 1010 583 non
1035 546 1257 596 occurrit).
1317 546 1529 587 Ruhnke-

132 627 231 664 nius
253 635 432 676 quoque
452 619 508 660 ad
527 618 684 658 Vellei.
706 618 869 656 Patere.
893 631 930 666 1,
951 623 988 662 5.
1016 630 1057 670 p.
1074 628 1135 656 20.
1155 627 1303 671 negat,
1329 619 1527 660 Archilo-

136 701 263 741 chum
295 696 542 751 Telephum
575 698 792 747 scripsisse
831 704 874 734 et
909 707 1059 733 vocem
1091 697 1240 746 panis,
1274 691 1525 741 πιττάκιον,

134 787 264 814 nosse
299 774 506 825 potuisse.
577 767 822 808 Commode
862 777 1007 806 autem
1046 780 1096 805 ex
1129 771 1406 821 grammatico
1443 770 1526 809 Ms.

134 848 341 890 Biblioth.
379 848 600 900 Sangerm.
627 839 862 884 πιττάκιον
898 834 991 883 εἶπε
1022 838 1292 897 Δεινόλοχος
1323 841 1526 899 Τηλέφῳ

137 930 314 982 corrigit
338 922 636 972 Athenaeum,
683 925 956 975 restituitque
991 922 1226 964 lectionem
1254 918 1529 977 Δεινόλοχος

134 1000 178 1044 ἐν
201 998 450 1057 Τηλέφῳέ*
501 998 755 1040 Dinolocho
776 1009 919 1038 autem
937 1000 1205 1054 Syracusano
1227 1000 1296 1040 vel
1314 1002 1527 1056 Agrigen-

134 1080 228 1117 tino
255 1077 428 1116 licuisse
462 1073 628 1114 iudicat
660 1071 838 1112 vocibus
865 1076 930 1111 uti
956 1077 1043 1113 sive
1069 1073 1221 1112 Siculis
1248 1076 1335 1113 sive
1361 1075 1524 1117 Latinis

133 1154 260 1205 panis
306 1159 350 1189 et
391 1150 628 1201 pittacium.
698 1145 816 1184 'Vixit
859 1143 930 1185 hic
961 1145 1235 1187 Dinolochus
1272 1147 1444 1202 Olymp.
1464 1159 1526 1202 73.

106 1247 110 1251 ·
135 1234 210 1265 aut
226 1226 340 1262 iuxta
352 1222 552 1261 Vossiurn
564 1231 628 1271 92.
646 1218 857 1271 velpaulo
877 1228 977 1258 ante
997 1229 1040 1258 et
1055 1216 1187 1272 poeta
1208 1225 1410 1270 comicus,
1424 1223 1527 1262 XIV

134 1296 382 1337 fabularum
409 1303 559 1333 auctor
586 1306 610 1332 a
629 1291 763 1331 Suida
785 1291 1051 1344 perhibetur.
1103 1292 1191 1331 Sed
1218 1296 1371 1334 citatur
1398 1300 1528 1338 etiam

136 1389 162 1414 a
188 1374 368 1414 Polluce
399 1367 442 1411 ἐν
481 1365 721 1424 Ἀμαζόσιν
758 1367 821 1414 Χ,
875 1381 966 1421 177.
1026 1363 1068 1407 ἐν
1107 1363 1278 1423 Μηδείᾳ
1306 1372 1390 1420 IV,
1441 1379 1526 1426 ¹74·

138 1466 252 1506 quae
272 1451 594 1505 tragoediarum
617 1452 763 1502 potius
790 1449 919 1496 tituli,
948 1455 998 1487 ut
1015 1440 1239 1499 Τήλεφος,
1266 1462 1356 1489 esse
1377 1452 1528 1493 viden-

138 1535 221 1565 tur.
250 1525 453 1564 Ceterum
474 1522 659 1576 Telephi
678 1523 869 1563 fabulam
886 1522 1012 1561 multi
1031 1531 1074 1560 et
1093 1523 1315 1573 praecipui
1333 1534 1528 1566 veterum

138 1600 401 1652 tragicorum
420 1605 724 1644 tractaverunt,
750 1594 1076 1650 Aeschylus,
1105 1583 1226 1633 Plato
1250 1594 1300 1634 T.
1316 1595 1349 1634 I.
1377 1610 1419 1649 p.
1437 1603 1526 1651 244.

136 1674 363 1715 Scholiast.
392 1673 609 1726 Aristoph.
636 1669 843 1726 Βατρὰχ.
870 1688 908 1714 ν.
934 1681 1044 1721 1301.
1085 1672 1409 1726 Sophocles,
1439 1680 1529 1719 He-

138 1753 306 1809 sychius
349 1766 389 1792 v.
435 1746 654 1805 ἂειφόρος,
722 1751 1042 1805 Euripides,
1077 1752 1295 1791 Aristotel.
1331 1757 1379 1794 in
1413 1757 1529 1797 Rhe-

140 1829 264 1866 toric.
293 1825 376 1874 111,
414 1837 450 1863 2.
486 1824 639 1876 p.516.-
680 1836 726 1864 n.
788 1824 988 1867 Clemens
1025 1825 1144 1865 Alex.
1188 1838 1232 1877 p.
1261 1825 1348 1878 624.
1384 1829 1528 1871 Schol.

137 1901 355 1956 Aristoph.
392 1892 564 1940 Πλοῦτ.
593 1901 681 1940 601.
718 1898 837 1952 Νεφ.
873 1908 962 1949 888.
997 1912 1042 1942 et
1077 1902 1205 1951 alias,
1243 1901 1527 1956 Agathou,

138 1976 390 2016 Athenaeus
418 1975 467 2014 L.
486 1975 543 2014 X.
569 1988 612 2026 p.
630 1974 719 2025 454.
739 1975 796 2013 D.
832 1976 946 2015 Mos
962 1974 1147 2024 chion,
1176 1975 1354 2014 Stobaei
1379 1976 1530 2030 Eclog.

136 2048 261 2102 phys.
296 2049 349 2087 V.
382 2048 414 2088 Ι.
454 2049 501 2087 P.
529 2047 562 2086 I.
600 2060 643 2099 p.
675 2052 759 2092 152·
798 2046 1115 2097 Rhinthon,
1150 2047 1305 2088 Pollux
1332 2048 1390 2086 X.
1427 2063 1462 2088 c.
1490 2062 1530 2101 7.

140 2135 274 2175 segm.
294 2125 359 2168 55.
405 2120 573 2160 citatur
608 2122 738 2158 etiam
764 2119 989 2173 Telephus·
1012 2120 1206 2160 Philetae
1243 2135 1268 2160 a
1301 2120 1534 2161 scholiasta

137 2193 357 2247 Apollonii
377 2191 541 2233 Rhodii
566 2193 614 2231 L.
636 2192 710 2231 IV.
737 2207 775 2232 v·
797 2197 906 2245 1141.
935 2195 1014 2234 sed
1042 2194 1245 2234 dubitant
1266 2196 1421 2234 merito
1452 2197 1533 2235 viri

140 2266 274 2314 docti,
302 2276 447 2306 utrum
487 2266 635 2305 drama
672 2279 905 2307 carmenne
938 2269 1079 2320 potius
1116 2267 1355 2321 elegiacum
1387 2267 1532 2307 fuerit.

140 2338 255 2379 Vide
268 2339 433 2394 Fragm.
452 2337 648 2379 Philetae
670 2352 694 2378 a
710 2339 901 2395 Kaysero
921 2339 1098 2380 collecta
1120 2349 1163 2379 et
1178 2339 1387 2379 illustrata
1408 2352 1450 2391 p.
1467 2345 1532 2387 30.

707 2544 967 2588 CLXXXI.

251 2618 317 2663 Τὸ
341 2622 554 2677 κροαίνων
585 2620 668 2667 οὔκ
691 2620 777 2676 ’έςιν
799 2622 1053 2681 ἐπιθυμῶν,
1096 2620 1128 2664 ὡ
1144 2638 1162 2673 ς
1189 2623 1236 2664 ’Δ
1251 2620 1540 2679 ρχίλοχος

144 2692 384 2750 ἐξέλαβεν,
432 2697 557 2741 ἀλλ’·
582 2699 828 2758 ἐπικροτῶν
873 2701 968 2752 τοῖς
1005 2699 1107 2744 ποσὶ
1146 2699 1217 2741 διὰ
1253 2700 1334 2744 τοῦ
1375 2700 1538 2744 πεδίου.

144 2775 290 2817 801101.
312 2776 369 2816 ad
389 2776 568 2818 Homer.
585 2777 816 2820 Villoison.
835 2779 881 2818 L.
897 2778 972 2818 VI.
996 2790 1032 2815 v.
1054 2783 1140 2828 507.
1165 2790 1210 2829 p.
1235 2781 1320 2831 174.
1348 2788 1392 2819 et
1421 2779 1541 2824 aliud

950 2851 984 2888 P.
1019 2863 1041 2887 2
