1846 3308
634 801 1310 859 AUCTORES

276 921 361 961 EX
393 919 621 973 QUIBUS
655 920 1252 986 HAECARCHILOCHI
1282 922 1668 964 FRAGMENTA

428 993 507 1032 ET
543 992 627 1031 DE
657 992 739 1030 EO
779 992 1172 1031 TESTIMONIA
1214 993 1517 1035 VETERUM

685 1065 1039 1105 DEPROMTA
1081 1066 1255 1106 SUNT.

576 1243 628 1285 A.

272 1269 462 1342 Aeliani
497 1305 586 1343 var.
621 1306 767 1344 Histor.
806 1318 936 1341 curan-

320 1385 356 1410 te
395 1374 447 1409 H.
479 1371 697 1410 Lederlino.
734 1377 934 1422 Argentor-

319 1449 421 1485 1715.
453 1445 489 1484 8.

272 1509 503 1546 Ammonius
538 1508 583 1544 de
610 1507 795 1546 adfinium
825 1523 938 1547 voca·

316 1576 499 1612 bulorum
528 1576 763 1619 differentia,
806 1578 937 1614 edente

319 1645 423 1680 Frid.
441 1646 620 1680 Ammon.
645 1651 746 1689 1737,
766 1652 801 1690 8,

274 1713 478 1749 Ammonii
495 1712 672 1748 Hermiae
697 1714 937 1750 Commenta-

319 1781 377 1816 ria
394 1781 437 1814 in
456 1780 626 1829 quinque
643 1794 756 1818 voces
767 1783 937 1831 Porphy-

319 1849 383 1884 rii.
407 1849 542 1886 Venet.
563 1853 664 1891 1545.
682 1855 717 1893 8.

271 1917 449 1954 Analecta
473 1917 656 1953 Veterum
686 1919 887 1953 Poetarum
916 1931 937 1953 a

315 1982 514 2021 Brunckio
537 1984 648 2019 edita.

272 2053 475 2102 Apollonii
521 2052 721 2101 Sophistae
765 2052 937 2087 Lexicon

319 2121 449 2156 edente
471 2118 614 2154 Tollio.
631 2122 677 2155 L.
700 2122 744 2157 B.
767 2126 867 2164 1788.
888 2127 923 2165 8.

272 2187 508 2237 Apostolius.
526 2187 653 2234 Lugd.
674 2189 758 2224 Bat.
782 2188 882 2235 1619.

271 2257 529 2292 Aristaenetus
547 2255 675 2289 edente
693 2254 875 2291 Abresch.

270 2322 556 2371 Aristophanes-

272 2389 458 2428 Aristides
479 2401 524 2424 ex
551 2389 642 2426 edit.
674 2389 779 2428 Iebb.
805 2390 932 2427 Oxon.

319 2469 422 2504 1722.

271 2525 507 2563 Aristoteles.

271 2594 456 2631 Athenaei
500 2593 800 2642 Dipnosophist.
845 2605 935 2629 cum

319 2671 562 2698 commentar.
583 2661 812 2697 casauboni.

271 2730 414 2766 Atilius
433 2729 724 2766 Fortunatianus
750 2730 848 2764 inter
870 2742 932 2765 ve·

316 2808 407 2833 teres
430 2797 704 2833 Grammaticos
721 2797 906 2833 Putschii.

1312 1246 1362 1286 Β.

1004 1306 1171 1346 Basilius
1204 1307 1248 1342 in
1282 1317 1377 1344 orat.
1419 1307 1465 1343 de
1497 1307 1668 1357 legendis

1049 1374 1237 1415 ethnicis.
1278 1373 1337 1412 ed.
1380 1376 1503 1413 Sturz.
1537 1377 1669 1414 Gerae.

1052 1451 1154 1490 1791.
1174 1447 1210 1486 8.

1313 1510 1360 1550 C.

1006 1576 1235 1612 Censorinus
1259 1593 1306 1602 —
1336 1588 1383 1611 ex
1408 1574 1499 1614 edit.
1525 1579 1667 1615 Haver-

1050 1657 1172 1692 camp.
1187 1645 1234 1679 L.
1250 1645 1295 1680 B.
1318 1643 1417 1688 1767.
1435 1650 1471 1689 8.

1005 1711 1155 1748 Cicero.
1504 1759 1507 1762 ἢ

1005 1779 1179 1820 Clemens
1206 1778 1316 1816 Alex,
1339 1779 1470 1814 edente
1498 1781 1668 1818 Pottero.

1006 1846 1176 1895 Cyrillus
1193 1860 1239 1883 ex
1255 1847 1347 1884 edit.
1363 1850 1430 1884 ΕΖ.
1449 1846 1666 1897 spanheim.

1306 1920 1363 1958 D·

1003 1982 1225 2017 Demetrius
1254 1979 1300 2016 de
1326 1981 1578 2023 Elocutione,
1607 1983 1666 2018 ed.

1051 2049 1271 2088 Schneider.

1003 2118 1086 2153 Dio
1105 2117 1302 2165 Chrysost.
1322 2128 1368 2151 ex
1383 2115 1475 2150 edit.
1495 2116 1665 2154 Morelli.

1050 2186 1176 2220 Lutet.
1198 2183 1298 2226 1604.
1319 2182 1387 2220 fol.

1002 2253 1196 2300 Diogenes
1226 2251 1349 2286 Laert.
1375 2249 1465 2288 edit.
1492 2250 1667 2300 Lipsien-

1047 2321 1112 2356 sis.
1135 2326 1234 2368 1759.
1253 2324 1287 2363 8.

1001 2387 1268 2436 'Diogenianus
1288 2385 1346 2422 ed.
1367 2384 1539 2421 Schotto.

1001 2455 1212 2491 Diomedes
1240 2455 1339 2489 inter
1363 2463 1506 2489 veteres
1535 2453 1666 2489 Gram-

1047 2524 1208 2559 maticos
1225 2520 1413 2557 Putschii.

1001 2592 1219 2639 Dionysius
1242 2589 1591 2626 Halicarnassensis.

1310 2663 1357 2702 E.

998 2726 1175 2762 Erotiani
1202 2724 1374 2761 Lexicou
1404 2724 1590 2760 Graecum
1621 2722 1665 2757 in

1045 2794 1188 2843 operib.
1211 2792 1472 2842 Hippocratis.
