1846 3308
638 309 704 318 ..-.
776 287 871 338 189
938 305 1007 316 ...-

228 423 430 464 Clemens
464 421 585 462 Alex.
619 424 783 473 p.738,
809 422 872 462 25.
899 410 1104 468 καθάπερ
1145 408 1302 468 ἀμέλει
1335 409 1518 469 κᾷκεῖνο

124 497 180 543 ‘rb
220 495 320 548 ἔπος
335 512 345 521 ·
385 494 522 546 Ξυνὸς
555 491 785 542 Ἐνυάλιος
833 489 909 533 καί
944 504 996 532 τε
1036 488 1280 531 κτανέοντα
1319 489 1532 532 κατέκτα·

127 581 201 633 (ΙΙ.
224 589 264 619 σ.
282 578 423 631 509),
451 570 704 630 μεταποιῶν
733 563 867 619 αὐτὸς
894 566 944 622 (ὁ
971 563 1276 622 ’Δρχὶλοχος)
1310 557 1393 610 αἷδὲ
1429 583 1521 618 πως

127 650 385 712 ἐξήνεγκεν·
429 644 605 708 Ἔρξω·
644 646 862 704 ἐτήτυμον
884 661 929 702 γ.
950 660 992 688 κ.
1013 660 1054 687 τ.
1078 642 1124 686 λ.
1174 647 1330 686 Utrum
1357 646 1427 687 hic
1452 649 1520 688 lo-

131 747 204 773 cus
233 733 289 772 ad
314 737 608 774 tetrametros,
651 737 707 763 an
734 724 790 762 ad
823 726 1016 763 senarios
1042 720 1297 761 referendus
1323 723 1400 769 sit,
1439 721 1520 760 du-

127 808 249 848 bium
269 808 372 847 facit
389 804 568 844 verbum
596 791 708 855 ἔρξω
737 800 791 840 ab
811 802 937 838 initio
951 827 962 846 ,
990 807 1089 851 post
1107 796 1228 849 quod
1256 811 1391 836 unum
1415 798 1522 838 alte·

126 901 277 930 rumve
294 882 555 926 vocabulum
575 880 743 920 excidit.
795 879 902 933 Legi
931 879 1046 916 enim
1064 885 1233 927 posset:
1251 864 1401 929 Ἔρξω
1423 864 1522 913 ὧδ’·

129 962 347 1017 ἐτήτυμον
377 971 421 1012 γ.
442 949 483 1006 ξ.
504 955 546 997 ἂ.
567 951 639 996 ''A.
673 962 790 998 iuxta
817 958 995 997 Homer.
1027 953 1180 1007 Odyss.
1203 965 1230 990 ι.
1247 959 1336 1000 553.
1372 947 1522 992 Ἀλλὰ

128 1037 239 1098 μάλ’
260 1029 333 1079 οἷδ’
351 1027 478 1090 ἔρξω.
508 1046 551 1076 et
573 1035 725 1088 Odyss.
748 1028 787 1088 ζ
811 1039 897 1079 258.
926 1019 999 1070 οἷδ’
1019 1025 1164 1084 ἔρδειν.
1195 1041 1238 1071 et
1261 1041 1352 1070 tum
1375 1046 1521 1073 versus

130 1125 211 1163 erit
228 1126 492 1161 tetramete13
517 1113 587 1153 vel
607 1116 751 1151 etiam:
774 1099 921 1163 Ἔρξω
940 1097 1039 1148 οὖν·
1068 1104 1285 1161 ἐτήτυμον
1297 1119 1338 1160 γ.
1351 1099 1392 1155 ξ.
1405 1101 1522 1149 ἂ.”Δ.

131 1205 177 1237 et
192 1204 284 1234 tum
301 1202 478 1245 quoque
497 1190 546 1227 in
562 1185 795 1226 iambicum
811 1187 1050 1224 trimetrum
1066 1182 1292 1236 redigitur.

721 1410 916 1455 LXXV.

904 1505 989 1555 Ἓν
1026 1505 1069 1554 δ’
1100 1501 1336 1568 ἓπίςαμαι
1370 1507 1524 1572 μέγα,

197 1607 300 1656 Τὸν
325 1601 500 1662 κακῶς
520 1616 568 1651 τι
603 1598 814 1670 δρῶντα
848 1595 1248 1658 ἀνταμείβεσθαι
1279 1595 1472 1656 κακοῖς.

734 1739 908 1781 Unum
946 1733 1047 1780 scio
1082 1732 1235 1794 idque
1264 1747 1523 1796 magnum,

201 1833 253 1880 Si
284 1831 416 1878 male
450 1827 573 1892 quid
605 1824 787 1891 egeris,
822 1822 1030 1886 rependi
1064 1822 1160 1868 tibi
1192 1822 1354 1868 malis.

230 1969 501 2024 Theophilus
531 1967 734 2008 Antioch.
765 1967 820 2006 ad
851 1966 1050 2020 Autolyc.
1072 1965 1214 2005 CLIII.
1234 1965 1375 2004 Antea
1406 1964 1526 2013 dixit,

130 2046 350 2088 maleficos
370 2044 613 2083 necessario
633 2040 843 2080 scelerum
862 2052 1038 2078 suorum
1066 2052 1232 2090 poenas
1260 2021 1536 2089 persolvere,-

130 2131 262 2173 atque
282 2117 367 2156 hoc
385 2113 639 2155 mortalibus
660 2101 766 2151 utile
789 2125 880 2151 esse
902 2121 945 2150 et
964 2114 1148 2154 iustum:
1177 2110 1299 2164 quod
1319 2110 1528 2163 deinceps

130 2202 360 2246 poetarum
378 2189 634 2228 testimoniis
656 2184 904 2233 confirmat,
920 2187 1047 2223 'inter
1065 2197 1177 2236 quae
1199 2185 1328 2222 etiam
1346 2182 1433 2222 hoc
1450 2184 1531 2222 Ar-

135 2269 323 2311 chilochi
355 2266 534 2308 effatum
559 2263 799 2317 profertur:
833 2256 990 2315 ὁμοίως
1018 2256 1092 2299 καὶ
1123 2253 1418 2312 ’Δρχίλοχος·
1448 2253 1530 2299 ’Ἐν

134 2343 168 2386 δ’
190 2342 256 2386 ἐπ’.
278 2359 325 2401 μ.
344 2357 386 2385 κ.
406 2356 447 2383 τ.
472 2337 518 2381 λ.
568 2341 789 2382 Videntur
804 2341 936 2380 fuisse
956 2339 1025 2379 vel
1044 2341 1280 2378 tetrametri
1307 2337 1530 2387 trochaici,

133 2433 320 2473 quorum
339 2420 477 2471 priori
496 2419 662 2469 primae
684 2413 798 2453 duae
819 2416 1030 2468 syzygiae,
1060 2412 1184 2451 alteri
1199 2425 1302 2451 vero
1328 2411 1381 2451 ab
1403 2415 1530 2451 initio

132 2506 211 2544 pes
232 2492 375 2538 deest3
401 2491 470 2531 vel
489 2491 669 2530 trimetri
687 2486 886 2535 iambici,
913 2486 993 2526 sed
1012 2499 1198 2539 quorum
1216 2487 1379 2537 primus
1399 2487 1530 2524 etiam

135 2563 310 2604 mutilus
333 2574 408 2603 est.
442 2565 655 2604 Nimirum
675 2560 731 2600 ad
749 2569 935 2599 metrum
952 2558 1186 2598 iambicum
1207 2561 1269 2598 sic
1286 2558 1531 2597 reduxeris:

274 2662 329 2670 —-
358 2661 413 2670 —
443 2661 499 2670 —
527 2661 581 2670 -—
602 2633 683 2678 ‘'Ev
710 2632 744 2676 δ’
774 2632 981 2687 ἐπίςαμαι
1011 2631 1144 2688 μέγα,

270 2714 433 2765 Κακῶς
458 2729 503 2757 τι
532 2713 703 2771 δρῶντα
734 2709 1086 2768 ἀνταμείβεσθαι
1117 2707 1292 2759 κακοῖς,
1318 2712 1410 2752 vel:

273 2791 363 2834 Τὸν
396 2787 566 2849 δρῶντά
593 2804 638 2832 τι
667 2789 815 2839 κακῶς
843 2787 884 2830 ἂ.
915 2802 956 2830 κ.
