1846 3308
674 298 743 309 --
812 279 913 328 203
979 298 1048 307 ..-

162 411 272 452 falsa
305 422 483 449 narrare
519 417 663 460 patet,
710 408 786 459 qui
821 403 1038 444 Collinum
1079 414 1122 443 et
1157 402 1460 455 Archilpchum
1497 406 1555 446 de

160 480 419 537 Magnetum
448 483 627 521 inten‘tu
654 479 809 519 eadem
834 477 997 516 referre
1021 475 1168 516 scribit
1203 477 1252 515 L.
1284 478 1340 517 X.
1383 493 1427 531 p.
1461 486 1551 526 525.

159 555 421 599 ’Δπὼλοντο
450 553 495 596 δὲ
537 552 612 596 καὶ
638 550 876 607 Μάγνητες
910 549 951 592 οἱ
980 547 1086 608 πρὸς
1112 549 1181 604 τῷ
1211 550 1451 608 Μαιάνδρῳ
1482 552 1554 594 διὰ

161 632 215 676 τὸ
246 631 383 676 πλέον
411 630 642 687 ἀνεθῆναι,
680 627 738 677 ὥ’ς
758 630 870 684 φησι
891 624 1118 675 Καλλῖνος
1143 623 1186 669 ἐν
1206 628 1298 677 τοῖς
1318 628 1555 692 Ἐλεγείοις

163 709 238 752 καὶ
286 707 583 766 ’Δρχίλοχος·
636 706 840 750 ἑάλωσαν
886 702 975 762 γὰρ
1029 699 1113 746 ὑπὸ
1163 702 1396 759 Ἐφεσίων.
1465 713 1552 753 Ubi

164 792 293 828 etiam
312 786 506 839 Ephesiis
526 785 698 831 tribuit,
728 783 851 836 quod
870 781 1024 822 Strabo
1048 781 1103 821 de
1120 782 1325 822 Treribus
1337 812 1352 833 ,
1381 787 1550 837 populo

164 863 407 907 Cimmerio,
426 858 570 898 ref'ert.
595 857 665 896 De
684 856 803 896 bello
823 865 967 894 autem
977 855 1234 908 Magnetum
1252 858 1555 910 contraEphe-

162 938 275 983 sios,
311 943 578 987 quocunque
607 940 804 981 tempore
834 928 882 968 id
909 927 1138 972 acciderit,
1174 927 1379 969 Aelianus
1408 932 1461 971 V.
1495 933 1551 974 H.

161 1007 211 1045 L.
245 1011 305 1057 ¹4·
349 1006 397 1045 C.
425 1005 490 1055 46.
527 995 822 1042 narrationem
853 1000 1009 1047 habet,
1045 1013 1130 1060 que
1157 1000 1329 1050 scribit,
1358 1006 1552 1058 singulos

163 1081 332 1131 equites
355 1078 613 1131 Magnetum
642 1078 688 1114 in
717 1073 935 1126 proelium
965 1086 1112 1112 secum
1142 1086 1292 1113 canem
1323 1086 1366 1115 et
1383 1091 1554 1120 servum

163 1151 390 1190 adduxisse
410 1148 748 1193 commilitones:
776 1161 873 1187 cum
893 1159 996 1186 vero
1013 1147 1099 1186 iam
1119 1147 1337 1199 proelium
1357 1155 1555 1191 commis-

161 1226 249 1264 suri
279 1233 446 1270 essent,
476 1234 604 1260 canes
629 1223 772 1273 primo
805 1222 1016 1259 immissos
1045 1233 1161 1269 esse,
1196 1230 1247 1259 ut
1265 1222 1439 1263 ordines
1466 1235 1555 1265 tur-

162 1295 343 1341 barent3
372 1294 534 1335 deinde
555 1280 699 1334 servos
719 1303 819 1334 ante
838 1292 1039 1332 dominos
1058 1293 1306 1346 prosiluisse
1327 1305 1370 1335 et
1391 1297 1555 1338 iacula-

164 1378 231 1409 tos
252 1381 370 1414 esse;
398 1368 575 1408 tandem
591 1367 712 1420 ipsos
728 1367 928 1407 dominos
949 1364 1118 1420 hostem
1145 1380 1382 1421 aggressos.

716 1669 1002 1715 LXXXVII.

164 1771 503 1834 Πανελλήνων
541 1767 687 1830 ὀϊζὺς
718 1766 765 1829 ἐς
798 1767 976 1819 Θάσον
1013 1769 1343 1841 συνέδραμεν.

165 1965 408 2015 Omnium
419 1968 718 2012 Graecorum
734 1961 932 2009 miseria
947 1961 1003 2009 in
1013 1963 1236 2011 Thasum
1253 1963 1551 2015 confluebat.

263 2155 419 2195 Strabo
454 2168 499 2207 p.
526 2160 616 2204 370.
653 2148 762 2206 Περὶ
801 2148 845 2191 δὲ
873 2149 951 2205 τῆς
976 2147 1196 2202 Ἑλλάδος
1222 2153 1297 2196 καὶ
1324 2152 1554 2210 Ἑλλήνων

165 2227 240 2272 καὶ
270 2225 573 2282 Πανελλήνων
599 2225 899 2282 ἀντιλέγεται.
958 2227 1225 2285 Θουκυδίδης
1251 2231 1331 2286 μὲν
1361 2231 1448 2290 γὰρ
1476 2232 1554 2275 τὸν

164 2306 350 2362 ποιητὴν
376 2304 584 2364 μηδαμοῦ
612 2303 869 2362 βαρβάρους
898 2304 1032 2348 εἰπεῖν
1064 2305 1200 2363 φησὶ.
1251 2307 1322 2350 διὰ
1362 2308 1415 2352 τὸ
1446 2309 1558 2368 μηδὲ

157 2378 387 2438 ’Έλληνας
411 2399 481 2426 πω
506 2380 560 2425 τὸ
590 2380 835 2425 ἀντίπαλον
874 2382 931 2432 εἷς
968 2379 1013 2425 ἓν
1044 2378 1187 2442 ὄνομα
1223 2385 1556 2443 ἀποκεκρίσθαι.

167 2457 256 2500 Καὶ
284 2456 617 2519 ’Δπολλόδωρος
659 2458 704 2502 δὲ
732 2460 892 2517 μόνους
918 2458 1022 2510 τοὺς
1059 2459 1103 2503 ἐν
1139 2462 1198 2518 τῆ
1225 2462 1454 2520 Θετταλίᾳ
1482 2480 1559 2506 κα·

171 2532 349 2578 λεῖσθαι
378 2534 513 2593 φησὶν
532 2533 774 2595 ’Έλληνας
834 2537 1036 2582 Ἡσίοδον
1066 2539 1218 2597 μέντοι
1248 2542 1322 2583 καὶ
1351 2540 1558 2598 Ἀρχίλο·

170 2624 257 2667 χον
289 2606 369 2667 ἤδη
398 2611 552 2656 εἰδέναι
582 2613 659 2657 καὶ
678 2612 907 2673 ΓΈλληνας
935 2614 1200 2674 λεγομένους
1231 2617 1334 2669 τοὺς
1363 2617 1558 2675 σύμπαν-

170 2703 251 2739 τας
278 2687 353 2730 καὶ
380 2689 694 2747 Πανέλληνας·
729 2692 809 2736 τὸν
836 2693 918 2750 μὲν
947 2692 1043 2752 περὶ
1072 2695 1315 2753 Προιτίδων
1345 2696 1555 2753 λέγοντα,

175 2763 229 2820 ὡς
260 2763 544 2824 Πανέλληνες
575 2767 805 2829 ἔμνὴςευον
836 2765 999 2822 αὐτάς·
1034 2771 1113 2814 τὸν
1144 2771 1211 2824 δὲ,
1240 2770 1298 2825 ὡς
1324 2773 1558 2831 Πανελλή-
