1846 3308
818 288 1157 336 „43-

879 415 919 479 ξ.
968 421 1097 463 XXI.

390 500 635 542 Archilochi
652 513 755 541 vero
780 502 879 551 alii,
920 517 1028 556 quos
1052 508 1096 543 in
1120 502 1368 544 auctoribus
1386 506 1582 546 invenire
1607 517 1685 556 est,

291 576 362 616 vel
382 576 469 615 ficti
491 585 613 622 sunt,
651 575 719 614 vel
749 576 803 614 ad
828 589 918 614 rem
945 576 1197 616 litterariam
1223 591 1318 617 non
1347 588 1556 630 spectant.
1617 581 1688 620 Sic

289 648 573 690 Archilochus
602 647 768 687 Siculus
803 635 1211 705 ab'Abulpharagio
1240 651 1397 691 dicitur
1421 650 1571 692 rhetor
1594 652 1685 702 ille,

293 743 318 768 a
345 741 433 782 quo
465 726 743 779 proverbium
774 735 857 765 est:
895 723 1049 767 Κακοῢ
1071 724 1257 780 κόρακος
1278 724 1417 768 κακὸν
1441 723 1540 767 ὧόν.
1599 730 1688 770 Sed

290 812 408 842 recte
428 809 580 839 monet
596 799 813 847 Reiskius,
825 801 866 850 a)
897 801 1104 840 Coracem
1119 801 1369 842 Archilochi
1386 816 1688 856 percussorem

293 889 391 914 cum
412 874 576 913 Corace
603 876 808 925 magistro
830 873 1096 928 Protagorae
1123 875 1375 924 confusum,
1414 885 1457 915 et
1473 874 1575 915 huic
1593 886 1689 917 tan-

291 949 390 988 dem
417 946 530 986 male
559 958 724 985 :nornen
754 945 1002 985 Archilochi
1034 946 1241 987 tributum
1271 962 1376 988 esse.
1438 948 1688 990 Archilochi

291 1021 424 1060 Siculi
459 1022 588 1060 etiam
616 1017 790 1057 Solinus
820 1023 1090 1060 mentionem
1118 1021 1244 1070 facit,
1276 1024 1352 1075 qui
1367 1022 1556 1061 Ariciam
1583 1035 1687 1062 con·

292 1093 473 1144 didit.b)
524 1091 688 1129 Verum
706 1090 829 1130 locus
852 1091 989 1132 doctis
1013 1103 1232 1145 suspectus
1255 1103 1340 1142 est,
1379 1103 1423 1133 et
1440 1094 1572 1135 lectio
1593 1109 1687 1136 non

291 1171 391 1207 satis
410 1179 516 1206 sana
532 1163 717 1204 videtur.
788 1163 1101 1219 Lexicographi
1123 1166 1299 1219 quidam
1311 1167 1354 1217 c)
1378 1166 1687 1208 Archilochum

288 1241 456 1280 faciunt
472 1236 886 1286 Lacedaemonium,
913 1240 1131 1277 viventem
1155 1239 1318 1278 Romae
1337 1251 1550 1295 regnante
1569 1241 1686 1280 Tull.

290 1312 492 1353 Hosfflio.
560 1308 649 1348 Sed
680 1307 750 1347 hic
779 1323 830 1348 ex
857 1310 959 1350 loco
990 1311 1120 1350 Corn.
1151 1310 1335 1364 Nepotis
1357 1322 1400 1351 et
1425 1313 1570 1353 Valer.
1591 1314 1688 1354 Ma-

287 1387 390 1425 ximi
418 1383 531 1422 male
561 1382 786 1422 intellecto
820 1392 970 1422 enatus
1000 1396 1091 1423 esse
1118 1384 1359 1436 videmnd)
1420 1386 1473 1426 In
1491 1386 1688 1427 Homero

287 1454 574 1497 Archilochus
596 1456 828 1495 Antenoris
849 1454 960 1494 filius
981 1466 1067 1504 est,
1098 1461 1173 1510 qui
1204 1457 1257 1497 ab
1285 1459 1419 1498 Aiace
1447 1459 1591 1499 iaculo
1620 1462 1688 1498 in-

290 1529 512 1570 terficitur.
528 1530 568 1581 e)
629 1528 681 1568 In
707 1529 870 1569 Darete
897 1525 1083 1583 Phrygio
1113 1533 1301 1570 occurrit
1325 1529 1608 1572 Archilochus
1637 1546 1687 1571 ex

287 1602 474 1642 Thracia
509 1601 594 1640 dux
633 1612 677 1641 et
711 1603 871 1641 Priami
909 1601 1213 1653 auxiliatorgf)
1264 1603 1371 1643 alius
1407 1602 1572 1643 ibidem
1601 1603 1687 1644 hoc

286 1678 468 1716 nomine
504 1688 554 1714 ex
582 1674 758 1714 Graecis
796 1673 850 1713 ab
878 1675 1069 1715 Hectore
1102 1685 1203 1727 post
1237 1675 1464 1715 biennium
1492 1675 1686 1717 obsidio-

286 1752 354 1788 nis
397 1752 446 1787 in
487 1747 655 1800 praelio
700 1746 1023 1799 interficimus)
1090 1745 1374 1787 Archilochus
1418 1748 1684 1802 Corcyraeus

290 1820 463 1874 Olymp.
490 1826 553 1872 59.
595 1822 643 1859 in
677 1819 791 1859 ludis
822 1820 1056 1875 Olympicis
1082 1816 1220 1859 stadio
1248 1821 1421 1872 vicit.h)
1487 1819 1686 1862 Archilo-

290 1892 418 1933 chum
448 1895 575 1932 etiam
603 1891 863 1932 scribentem
882 1894 1140 1946 Terpandro
1168 1892 1293 1946 fingit
1311 1893 1606 1935 Aristaenetus
1628 1895 1684 1935 de

289 1966 469 2004 domina
495 1965 696 2004 ancillam
721 1964 776 2004 ad
802 1977 935 2005 artem
956 1965 1180 2005 lenoniam
1203 1968 1469 2005 instituente.
1487 1965 1524 2018 i)
1551 1968 1684 2020 Apud

288 2037 492 2076 Plautum
509 2037 676 2077 Asinar.
697 2039 792 2077 Act.
813 2039 845 2077 Ι.
868 2040 935 2077 Sc.
960 2053 994 2077 1.
1018 2052 1183 2078 nomen
1208 2049 1271 2077 est
1290 2041 1595 2093 argentarii.k)

379 2195 416 2238 a)
436 2192 683 2230 Plutarch.
712 2191 758 2230 T.
780 2193 830 2228 X.
851 2205 889 2240 p.
909 2200 991 2227 220.
1010 2191 1080 2227 ubi
1098 2192 1188 2227 vide
1206 2203 1286 2229 not.
1302 2192 1462 2229 Reiskii.

377 2260 421 2305 b)
441 2261 464 2295 S
479 2258 600 2296 olin.
630 2260 672 2297 C.
692 2261 799 2298 VIII.
828 2260 860 2304 ᾖ.
885 2266 962 2302 157.
979 2259 1128 2295 Notum
1155 2270 1211 2296 est
1238 2274 1258 2295 a
1276 2260 1485 2297 Philoctete
1507 2261 1682 2299 Petiliam

287 2327 535 2363 constitutam
561 2346 608 2356 —
634 2345 681 2355 -
705 2346 750 2354 —
775 2327 943 2362 Ariciam
971 2326 1016 2361 ab
1041 2326 1276 2363 Archilocho
1295 2328 1438 2365 Siculo.
1491 2329 1550 2365 Ad
1568 2344 1682 2379 quem

286 2395 419 2431 locum
447 2393 536 2428 vide
568 2393 722 2431 Salmas.
743 2393 907 2430 Exercit.
926 2393 1023 2429 Plin.
1055 2407 1094 2442 p.
1113 2400 1170 2438 48.
1192 2394 1285 2432 b.B.
1342 2397 1607 2446 Verumquid
1637 2398 1682 2435 de

285 2460 541 2499 inconstantia
559 2460 686 2497 Solini
709 2461 899 2501 dicamus,
933 2461 1002 2509 qui
1019 2461 1098 2509 ipse
1116 2461 1230 2510 paulo
1250 2472 1357 2511 post:
1390 2464 1574 2504 „Deinde
1594 2477 1682 2500 con-

286 2531 420 2567 stituta
445 2530 490 2565 ab
511 2529 672 2566 Ascanio
687 2529 784 2565 Alba
795 2531 941 2576 Longa,
969 2528 1142 2571 Fidenae,
1166 2531 1196 2565 A
1208 2530 1303 2566 rici
1315 2544 1354 2571 a,
1382 2531 1484 2567 Nola
1500 2545 1520 2566 a
1537 2533 1680 2581 Tyriis,

285 2599 332 2634 ab
361 2597 626 2634 Euboensibus
647 2595 839 2633 Cumae.“
891 2595 973 2631 Alii
1001 2597 1114 2632 etiam
1141 2608 1311 2634 auctores
1340 2599 1493 2635 tradunt
1523 2599 1568 2635 ab
1586 2599 1681 2649 Hip-

282 2667 444 2715 polyto,
468 2665 607 2702 Thesei
626 2662 731 2706 filio,
755 2664 924 2699 Ariciam
942 2677 1017 2700 esse
1035 2665 1242 2703 conditam.

374 2737 412 2780 c)
433 2733 604 2782 Calepin.
625 2731 801 2781 Stephan.
820 2732 1043 2771 Hoffmann.

376 2803 417 2847 d)
435 2801 525 2839 Vid.
545 2812 656 2849 supra
680 2800 715 2845 ᾗ.
734 2800 784 2836 Π.
815 2799 848 2844 i)
877 2799 910 2845 ᾗ.
932 2801 1056 2842 XVII,
1077 2803 1127 2847 c).
