1846 3308
196 761 1587 825 TRIMETRORUM

535 882 1239 929 FRAGMENTA.

866 1113 906 1156 Ι.

294 1209 534 1278 Πολλόν
572 1223 630 1274 δὲ
663 1223 818 1273 πίνων
854 1220 943 1271 καὶ
978 1219 1303 1293 χαλίκρητον
1340 1221 1496 1285 μέθυ,

287 1315 384 1366 ῗΩν
423 1316 548 1365 οὔτε
582 1314 728 1375 τιμὸν
767 1307 1065 1375 εἱςένεγκας,
1111 1310 1238 1360 οὕτε
1272 1309 1365 1374 μὴν

291 1406 508 1468 Κληθεὶς
545 1403 784 1466 ἐσῆλθες,
821 1397 909 1450 οἷα
944 1398 1003 1459 δὴ
1043 1400 1224 1465 φίλος·
1261 1399 1404 1451 ἀλλά
1439 1417 1500 1451 σε

285 1496 458 1567 Γαςὴρ
495 1497 612 1546 νόον
649 1509 707 1543 τε
739 1490 828 1543 καὶ
865 1489 1059 1562 φρένας
1094 1489 1389 1562 παρήγαγεν

289 1588 371 1647 Ἐς
407 1584 646 1647 ἀναιδίην.

292 1738 523 1785 Multum
555 1733 738 1783 meraci
767 1743 1017 1795 praeterea
1050 1732 1159 1779 vini
1189 1732 1369 1780 bibens

293 1830 401 1873 Nec
434 1825 663 1886 symbola
698 1823 838 1880 data,
875 1838 969 1869 nec
1001 1834 1062 1868 ut
1090 1824 1279 1870 amicus
1309 1822 1440 1869 solet
1497 1829 1502 1839 ¹

290 1916 478 1963 Aderas
509 1926 746 1967 vocatus;
781 1929 959 1960 verum
994 1913 1057 1961 ad
1089 1912 1461 1977 impudentiam

294 2006 638 2069 Animumque
658 2017 1000 2052 transversum
1019 2003 1122 2067 egit
1144 2014 1194 2049 et
1211 2013 1433 2049 mentem
1454 2000 1589 2065 gula.

396 2169 540 2208 (Iacobs
561 2167 747 2198 Animadv.
769 2167 810 2197 in
828 2165 977 2197 Anthol.
1000 2167 1041 2197 V.
1061 2167 1087 2195 1.
1114 2167 1151 2195 P.
1173 2167 1200 2195 1.
1234 2175 1268 2204 p.
1289 2164 1382 2204 148.)

290 2239 540 2281 Athenaeus
561 2239 608 2277 L.
624 2238 657 2277 Ι.
686 2251 730 2289 p.
748 2243 787 2284 8.
821 2237 872 2276 A.
891 2237 938 2275 B.
960 2237 1127 2277 Locum
1159 2235 1276 2275 hunc
1303 2233 1586 2275 casaubonus
1618 2279 1622 2282 ⁴

192 2328 244 2354 ex
261 2313 460 2353 Turnebi
488 2314 703 2353 sententia
737 2313 920 2350 correxit
951 2320 995 2349 et
1026 2309 1082 2348 ad
1114 2312 1329 2348 trimetros
1355 2311 1586 2347 revocavit.

192 2387 328 2426 Aliter
356 2386 528 2426 doctiss.
558 2384 706 2424 Iacobs
734 2383 762 2422 l.
784 2397 819 2422 c.
849 2382 927 2422 hos
950 2396 1095 2422 versus
1117 2384 1344 2421 restituere
1366 2394 1586 2434 aggressus

193 2471 271 2508 est,
297 2464 359 2501 ita
377 2470 427 2500 ut
446 2460 626 2499 trimetri
646 2456 983 2511 hypercatalecti
1001 2454 1107 2495 inde
1137 2452 1427 2501 efficerentur,
1457 2466 1587 2505 quam

193 2543 339 2572 tamen
382 2531 735 2572 emendationem
768 2532 832 2568 vir
876 2528 1053 2568 candidi
1088 2529 1222 2565 animi
1264 2529 1358 2578 ipse
1384 2524 1584 2564 Animad.

192 2605 293 2659 VQI.
311 2605 383 2644 111.
418 2606 465 2644 P.
485 2605 556 2643 ΠΙ.
584 2617 628 2656 p.
649 2609 739 2650 538.
762 2601 994 2655 improbat.

296 2692 331 2719 1.
360 2676 741 2734 Χαλίκρῃτον.
789 2680 997 2729 „Vinum
1031 2671 1174 2730 ’χάλιυ
1217 2683 1371 2714 vocant
1411 2682 1583 2726 poetae.

193 2760 449 2812 Hipponax:
487 2752 619 2810 ὀλίγα
643 2752 881 2811 φρονοῢσιν
911 2752 950 2796 οἱ
972 2750 1115 2807 χάλιν
1145 2746 1409 2798 πεπωκότες.
1449 2763 1499 2788 ea
1519 2762 1586 2788 ra-
