1846 3308
818 257 1161 307 ,5-αὸ-

387 386 427 432 f)
459 385 546 421 Plo
558 385 662 419 tius
694 396 732 432 p.
752 382 855 426 2640.
878 382 1172 423 Archilochium
1191 381 1574 431 penthemimericum
1595 384 1686 420 sim·

293 456 382 506 plex
399 451 743 503 hypercatalectum
762 451 1169 487 monoschematistum
1190 460 1265 491 est;
1302 460 1450 485 constat
1469 452 1573 486 enim
1590 439 1690 489 sem·¹

293 537 361 576 per
390 522 539 558 duobus
567 518 750 567 dactylis,
774 529 812 554 et
837 531 912 554 una
930 518 1094 568 syllaba:
1139 518 1204 556 Ἐν
1235 519 1271 555 δὲ
1299 517 1557 566 Βατουσιᾶδης.
1590 520 1686 556 item

295 592 448 629 Servius
475 603 513 640 p.
533 580 635 633 1820.

387 672 437 718 g)
468 669 508 704 D
520 667 535 702 i
546 678 619 703 om
631 679 650 702 e
663 666 699 701 d.
729 667 777 702 L.
796 668 867 701 111.
889 679 929 715 p.
950 670 1028 709 514.
1062 665 1251 700 Trimeter
1265 664 1417 701 Herous
1434 679 1480 701 ex
1497 667 1688 715 superiori

295 737 463 774 iambico
482 733 545 776 fit,
582 745 624 770 ut
645 734 835 775 diximus.
869 733 934 770 sed
961 734 1035 769 1100
1053 735 1177 772 Varro
1206 733 1252 769 ab
1270 733 1508 771 Archilocho
1533 746 1688 771 auctum

296 806 394 843 dicit
420 803 597 841 adiuncta
615 800 758 850 syllaba
778 812 814 837 et
831 800 973 838 factum
996 801 1088 839 talea
1123 801 1397 851 Omnipotente
1416 813 1568 852 parente
1587 816 1686 841 meo.

386 884 440 930 h)
480 880 740 930 Hephae-st.
780 893 818 929 p.
836 890 902 921 21,
938 889 995 915 22.
1035 877 1091 915 de
1131 891 1290 917 metro
1325 881 1506 930 dactyl.
1546 884 1620 919 Καὶ
1647 884 1689 920 τὸ

294 945 530 1002 &crevissem-9011
551 950 598 993 εἷς
616 949 853 995 δισσύλλαβον
883 950 1162 995 καταπληκτικὸν,
1197 943 1227 996 ᾧ
1248 954 1387 998 πρῶτος
1406 950 1587 999 ἐχρῆσατο
1605 950 1689 1000 Ἀρ·

296 1026 455 1071 χίλοχος
496 1017 530 1055 ἐν
574 1019 732 1064 ἐπῳδοῖς.
783 1017 882 1052 unde
914 1016 1114 1054 Scholiast.
1145 1017 1343 1067 Aristoph.
1375 1017 1480 1054 Nub.
1507 1024 1587 1062 274.
1620 1006 1691 1066 qui

296 1088 421 1138 addit,
447 1086 489 1121 id
506 1084 764 1135 Ἀρχιλόχειου
782 1084 926 1121 vocari.
973 1085 1180 1121 Servius
1211 1099 1250 1135 p.
1270 1091 1370 1130 1820.
1396 1085 1690 1123 Archilochium

296 1139 443 1193 constat
469 1163 683 1191 tetrametro
714 1152 947 1193 catalectico,
984 1163 1028 1188 ut
1053 1164 1109 1189 est
1137 1153 1229 1188 hoc:
1270 1154 1391 1189 Arent
1414 1152 1582 1189 solstitio
1610 1154 1690 1189 sola

298 1236 428 1261 terrac.
476 1225 573 1258 Item
592 1221 786 1259 Victorin.
811 1222 857 1257 L.
880 1224 949 1258 ΙΙΙ.
977 1235 1014 1270 p.
1032 1222 1144 1265 ·2565‚
1169 1221 1234 1264 64,
1259 1221 1324 1264 65,
1349 1231 1385 1256 et
1402 1227 1505 1265 2538.

388 1305 428 1348 i)
462 1303 523 1338 De
552 1301 754 1336 inventore
782 1299 1010 1349 pentametri
1037 1299 1114 1334 iam
1138 1299 1239 1347 apud
1261 1309 1404 1334 veteres
1432 1297 1692 1334 controversia

296 1371 372 1407 fuit
390 1380 482 1405 teste
500 1369 665 1404 Horatio
693 1369 737 1403 in
758 1371 848 1406 Arte
866 1378 988 1417 poet.:
1023 1368 1118 1415 Quis
1149 1379 1273 1403 tamen
1299 1367 1460 1415 exiguos
1478 1366 1601 1414 elegos
1618 1365 1694 1401 eto.

296 1439 432 1477 Alium
451 1437 517 1471 alii
538 1447 708 1471 auctores
731 1436 896 1477 tradunt,
916 1435 1064 1471 Midam
1079 1421 1282 1484 Phrygem,
1301 1434 1507 1470 Theoclem
1523 1433 1691 1470 Naxium

297 1510 314 1550 (
325 1504 432 1541 Suid.
457 1518 496 1541 v.
519 1505 644 1553 ἔλεγος
662 1514 699 1540 et
720 1507 958 1552 ἐλεγαίνειν),
994 1503 1187 1540 Callinum
1213 1503 1454 1549 (Terentian.
1477 1500 1605 1537 Schol.
1621 1501 1692 1537 Ni-

298 1573 442 1609 candri.
463 1573 656 1612 Victorin.
676 1586 713 1621 p.
734 1575 889 1620 2555.),
918 1573 1196 1608 Mimnermum
1215 1560 1508 1617 (Hermesianax
1526 1569 1569 1603 in
1584 1567 1692 1616 Eleg.

299 1641 399 1690 apud
425 1642 675 1677 Athenaeum.
733 1640 881 1677 Plotius
911 1641 958 1677 T.
983 1642 1034 1675 II.
1067 1653 1105 1689 p.
1132 1639 1237 1682 2636.
1298 1638 1426 1674 Orion
1451 1636 1619 1672 Theban.
1648 1635 1694 1670 in

300 1708 536 1744 Callimacho
566 1709 719 1744 Ernesti
753 1710 797 1744 Τ.
817 1710 849 1745 Ι.
883 1708 1019 1757 fragm.
1043 1721 1081 1758 p.
1101 1709 1231 1756 459.),
1257 1704 1548 1755 Colophonium
1579 1716 1695 1752 quen-

298 1776 405 1816 dam,
439 1775 537 1812 forte
570 1776 672 1812 hunc
705 1777 832 1825 ipsum
868 1777 1142 1811 Mimnermum
1164 1774 1444 1823 intelligentes,
1471 1771 1694 1825 (Victorin-

297 1858 336 1893 P·
353 1850 455 1887 2555·
491 1844 629 1881 Isidor-
652 1845 699 1879 L·
723 1846 752 1883 Ῑ.
779 1844 822 1881 C.
842 1846 939 1891 58.)‚
966 1844 1088 1879 immo
1108 1853 1145 1879 et
1163 1843 1418 1891 Pythagoram
1444 1850 1480 1876 et
1505 1839 1694 1888 Ortygem

298 1912 427 1947 nescio
447 1924 560 1960 quem
579 1912 743 1958 (Plotius
763 1927 802 1962 p.
821 1912 925 1955 2636.
949 1913 995 1950 Τ.
1013 1914 1094 1958 IL).
1140 1910 1357 1947 Multorum
1376 1920 1501 1946 tamen
1523 1907 1695 1947 testimo-

299 1980 375 2017 niis
404 1978 639 2015 Archilocho
672 1980 753 2016 eius
791 1980 968 2015 inventio
1005 1979 1202 2015 tribuitur.
1213 1980 1248 2025 ³⁸)
1305 1981 1431 2027 Atque
1458 1976 1552 2011 hinc
1579 1976 1692 2010 etiam

297 2057 529 2096 pentameter
553 2046 640 2088 ille,
677 2049 748 2096 qui
769 2047 913 2083 duabus
939 2047 1201 2083 divisionibus
1228 2044 1576 2096 penthemimericis
1605 2056 1693 2078 con·

298 2125 387 2154 stat,
414 2125 456 2150 ut
475 2114 681 2164 Plotiusp.
698 2116 802 2159 2656.
826 2116 919 2151 item
940 2116 1044 2158 2640.
1063 2116 1214 2157 asserit,
1244 2111 1517 2151 Archilochius
1540 2110 1694 2148 dicitur.

390 2192 441 2239 k)
476 2193 703 2239 Diomed.
736 2207 774 2243 p.
794 2200 875 2237 515.
907 2183 1131 2228 Dimetrum
1158 2203 1212 2227 est
1236 2202 1273 2227 et
1293 2191 1419 2233 illud,
1449 2191 1553 2240 quod
1573 2203 1619 2226 ex
1636 2190 1694 2224 in-

299 2261 433 2296 feriori
452 2271 556 2310 parte
575 2261 786 2296 hexametri
808 2260 1062 2298 Archilochus
1083 2247 1419 2309 auxitpraeposita
1439 2272 1514 2294 una
1536 2257 1692 2306 syllaba,

300 2328 424 2364 immo
444 2328 587 2364 duabus
601 2354 612 2369 ,
645 2342 739 2376 quae
755 2340 826 2377 pro
847 2341 921 2364 una
939 2338 1048 2369 sunt,
1083 2338 1119 2364 et
1137 2327 1366 2377 semipedem
1384 2326 1547 2367 faciunt,
1580 2335 1618 2361 et
1640 2335 1695 2360 est

301 2395 396 2433 t'ale:
431 2408 534 2432 nova
551 2408 709 2434 munera
728 2396 877 2433 divum.
1015 2395 1017 2397 ’

337 2525 370 2566 ²⁸‘)
393 2525 570 2556 Plutarch.
593 2528 630 2557 T.
653 2527 695 2557 X.
718 2537 750 2565 p.
769 2526 836 2557 620.
856 2526 898 2556 de
917 2526 1065 2555 Musica.
1085 2525 1167 2556 vide
1186 2526 1218 2563 ᾖ.
1240 2528 1334 2557 xm.
1356 2527 1396 2556 in
1415 2524 1493 2555 fine.
1533 2523 1693 2554 Diomed-

394 2576 435 2605 L.
455 2576 517 2604 111.
548 2585 580 2613 p.
601 2581 669 2610 502.
711 2576 915 2607 Victorinus
934 2586 967 2613 p.
989 2581 1075 2611 2538.
1114 2575 1262 2606 Duobus
1289 2576 1434 2614 pedibus
1462 2582 1497 2604 et
1524 2573 1695 2612 semipede

399 2633 518 2655 versus
537 2622 657 2661 heroi,
695 2634 782 2662 quae
802 2623 1087 2663 penthemimeres
1110 2631 1201 2653 tome
1223 2623 1374 2660 dicitur,
1413 2623 1561 2654 divulsis
1575 2645 1585 2659 ‚
1620 2631 1694 2652 rur·

398 2683 523 2711 susque
543 2673 636 2702 inter
658 2682 690 2704 se
710 2673 881 2712 copulatis
912 2672 1198 2711 (Archilochus)
1225 2679 1479 2710 pentametrum
1506 2673 1695 2710 elegiacum

398 2721 573 2760 figuravit.
595 2721 678 2751 item
696 2727 782 2757 2555.
822 2723 919 2751 Inter
948 2722 1152 2751 inventores
1173 2721 1245 2751 eius
1275 2732 1353 2751 eum
1383 2722 1485 2752 etiam
1509 2721 1695 2751 nominant

401 2770 514 2801 Orion
535 2769 719 2801 Thebanus
739 2772 820 2802 loco
840 2770 899 2801 cit.
922 2778 955 2801 et
972 2770 1125 2801 Isidorus
1147 2771 1186 2800 L.
1205 2771 1231 2799 1.
1257 2772 1293 2800 G.
1311 2776 1359 2806 53.
