1846 3308
803 300 1179 341 ——162—

296 431 421 477 ratii,
449 436 499 467 ut
520 429 661 466 statim
680 428 844 479 prima:
881 425 967 466 Ibis
998 426 1201 467 Liburnis
1236 430 1351 468 inter
1387 429 1471 469 alta
1498 435 1688 482 navium,

297 503 472 549 Amice,
508 499 851 560 propugnacula.
905 500 1034 540 Tales
1060 514 1163 541 vero
1193 501 1361 552 epodos
1383 502 1690 545 Archilochum

298 575 516 625 scripsisse
536 575 583 611 in
602 571 852 626 Lycamben
880 582 923 612 et
942 575 989 612 in
1017 576 1067 613 iis
1090 572 1248 613 fabulis
1270 587 1392 613 usum
1414 588 1505 614 esse
1533 585 1692 616 testan-

298 657 369 685 tur
390 656 600 685 auctores.
652 644 714 683 M.
734 645 983 684 VictorInus
1001 646 1121 699 L.¹11.
1141 659 1183 698 p.
1210 652 1322 691 2552.
1359 647 1434 686 Est
1462 651 1577 687 enim
1607 647 1692 689 hoc

301 732 474 759 carmen
501 717 780 770 (iambicum)
810 727 957 769 aptum
981 718 1236 758 lacerationi
1264 728 1306 758 et
1335 723 1563 770 conviciis,
1599 722 1693 774 ple·

298 805 485 843 rumque
518 794 712 830 trimetro
741 804 891 839 versa,
936 790 1082 843 epodo
1116 803 1352 844 sequente,
1390 797 1691 847 compositum,

296 876 372 905 ut:
400 864 521 904 Malo
542 864 684 903 soluta
703 865 929 902 navisexit
950 862 1050 902 alite
1068 863 1225 904 Ferens
1247 865 1439 905 olentem
1459 868 1692 907 Maevium.

300 935 584 978 Archilochus
612 939 659 975 in
682 934 932 989 Lycamben
960 935 1045 975 hoc
1069 946 1208 977 rnetro
1235 942 1380 978 saevit.
1440 940 1692 981 Terentian.

300 1024 345 1063 p.
369 1014 493 1061 2428,
520 1008 599 1048 ubi
622 1022 764 1048 sermo
792 1008 846 1047 de
868 1007 1012 1060 epodo
1036 1017 1122 1057 est,
1152 1013 1271 1050 cuius
1293 1011 1479 1052 iambico
1501 1016 1694 1054 trimetro

302 1083 528 1123 subiicitur
559 1082 764 1120 dimeter:
802 1078 1087 1120 Archilochus
1118 1083 1200 1121 isto
1234 1087 1366 1122 saevit
1394 1088 1524 1125 iratus
1553 1097 1694 1127 metro

304 1158 468 1196 Contra
496 1154 758 1210 Lycambem
791 1163 834 1192 et
862 1151 985 1196 filias.
1049 1152 1292 1194 Philostrat.
1322 1155 1455 1211 Imag.
1475 1164 1513 1204 3.
1542 1172 1584 1211 p.
1604 1160 1693 1210 766.

302 1227 520 1286 Ἐμὲλησε
550 1227 629 1284 μὲν
659 1225 745 1283 γὰρ
773 1225 952 1284 Ὁμήρῳ
992 1222 1142 1283 μύθου
1182 1214 1257 1269 nni
1285 1227 1498 1286 ‘Ha'10'55u‚
1546 1228 1609 1273 ἔτι
1651 1231 1696 1274 δὲ

304 1305 378 1349 καὶ
420 1303 686 1364 Ἀρχιλόχῳ
725 1304 827 1361 πρὸς
867 1302 1132 1360 Λυκάμβην.
1203 1309 1333 1349 Unde
1357 1312 1585 1351 verisimile
1616 1323 1694 1361 est,

303 1398 448 1424 versus
469 1386 553 1433 ita,
589 1393 637 1421 ut
656 1384 877 1430 constitui,
915 1391 1034 1420 recte
1057 1384 1313 1421 constitutos
1339 1396 1446 1423 esse.
1511 1384 1573 1424 Cl.
1595 1386 1696 1425 Val-

306 1457 533 1496 ckenarius
561 1455 616 1494 ad
632 1456 914 1494 Ammonium
947 1468 1021 1494 eos
1043 1458 1231 1507 primum
1246 1458 1304 1505 *in
1333 1456 1541 1497 iambicos
1563 1459 1699 1498 dime-

304 1539 418 1580 tros,
456 1538 499 1568 et
515 1531 564 1568 in
582 1539 690 1569 nota
711 1542 756 1580 17
768 1556 783 1578 ,
820 1530 990 1568 insertis
1010 1526 1270 1580 quibusdam
1290 1528 1453 1579 verbis,
1486 1533 1534 1570 in
1555 1534 1699 1571 trime-

306 1613 392 1642 tros
414 1605 475 1642 sic
492 1601 676 1657 redigit:
1529 1596 1531 1598 ¹

470 1682 598 1738 Αἶνός
626 1702 690 1737 τις
718 1685 786 1739 ἕξ
827 1686 1066 1745 ἀρχαῖος
1105 1687 1351 1744 ἀνθρώπων
1382 1685 1468 1738 ὅδε,

471 1765 554 1818 Ὠς
587 1760 655 1822 ἄρ’
685 1758 877 1824 ἀλώπηξ
907 1764 1152 1823 κερδαλῆ
1183 1781 1242 1809 τε
1272 1766 1431 1824 κᾴετός

469 1843 691 1900 Ξυνωνίην
721 1840 890 1887 ἔθεντο.

303 1937 449 1988 Atque
476 1933 720 1973 Brunckius
754 1947 855 1973 eum
890 1937 1098 1987 sequitur.
1150 1933 1314 1974 Verum
1347 1932 1456 1973 haec
1482 1931 1612 1974 verba
1644 1931 1701 1971 ad

305 2007 570 2061 explendum
595 2019 827 2046 numerum
854 2012 1053 2059 precario
1083 2017 1267 2048 assumta
1304 2019 1395 2045 esse
1431 2015 1570 2059 patet,
1606 2016 1700 2044 non

306 2079 641 2136 suffragantibus
669 2089 896 2120 auctorum
925 2080 1058 2129 locis,
1094 2084 1142 2120 in
1176 2078 1332 2132 quibus
1361 2092 1445 2118 nec
1473 2081 1699 2131 vestigium

309 2174 460 2200 eorum
491 2168 691 2212 apparet:
729 2171 831 2198 nam
859 2152 1051 2212 κερδαλῆ
1089 2156 1145 2196 ad
1185 2169 1372 2209 sequens
1409 2156 1699 2209 fragmentum

305 2236 538 2276 manifesto
563 2237 766 2286 pertinet.
827 2234 1046 2287 Aristoph.
1065 2226 1190 2284 ''Opw
1207 2232 1294 2277 652.
1322 2230 1430 2270 haec
1448 2230 1596 2271 fabula
1614 2231 1700 2271 Ae-

307 2323 414 2362 sopo
435 2307 648 2347 tribuitur.
699 2309 769 2346 Sic
792 2310 909 2346 enim
927 2305 1239 2346 Pisthetaerus:

469 2415 526 2423 —-
555 2414 608 2423 —
629 2387 745 2448 ’Ὅρα
775 2390 875 2438 νῦν,
916 2387 972 2440 ὧς
998 2389 1046 2432 ’ἐν
1074 2388 1279 2432 Αἰσώπου
1310 2387 1461 2444 λόγοις

462 2463 586 2520 ’'Eg-w
616 2466 857 2525 λεγόμενον
891 2466 939 2523 δή
967 2481 1031 2510 τι·
1078 2465 1159 2521 τὴν
1189 2464 1395 2523 ἀλώπεχ’
1426 2464 1481 2518 ὡς

473 2540 691 2601 Φλαὺρως
719 2544 999 2600 ἐκοινώνησεν
1030 2543 1165 2600 αἰετῷ
1194 2559 1316 2588 ποτε.

310 2641 398 2681 Sed
434 2638 683 2680 scholiastes
716 2647 835 2678 recte
867 2637 1087 2686 observat,
1135 2630 1206 2677 ὅτι
1247 2634 1404 2689 σαφῶς
1443 2633 1700 2678 ἀνετίθεσαν

311 2713 500 2768 Αἰσώπῳ
539 2711 644 2763 τοὺς
689 2709 876 2767 λόγους,
925 2709 999 2754 καὶ
1048 2710 1210 2754 τοῦτον
1259 2711 1336 2755 τὸν
1387 2712 1507 2771 παρὰ
1554 2712 1701 2770 Ἀρχι-

313 2790 442 2848 λόχῳ
468 2790 735 2846 λεγόμενον,
763 2789 910 2833 καίτοι
939 2789 1239 2847 πρεσβυτέρῳ.
1290 2793 1564 2835 Tribuebant
1586 2798 1702 2834 enim
1732 2807 1735 2810 ·
