1846 3308
793 259 1135 316 ...64⁸3—

265 409 507 452 vernaculis
529 407 585 447 ad
602 407 651 447 11.
677 419 716 445 α.
737 421 775 447 v.
795 407 846 454 56
872 415 915 445 et
934 411 997 454 58.
1053 403 1349 444 Mitscherlich
1375 405 1430 444 ad
1450 406 1596 461 hymn.
1617 411 1667 448 in

267 486 469 524 Cererem
504 495 543 520 v.
578 486 641 528 58.
682 495 726 534 p.
764 488 848 528 132.
917 481 988 519 Sic
1026 489 1069 518 et
1103 482 1197 530 ipse
1224 476 1507 518 Archilochus
1537 484 1669 520 etiam

267 558 420 610 fragm.
457 559 521 605 34.
568 554 622 593 de
662 554 898 606 Neptuno,
933 559 997 599 55.
1035 551 1261 600 Vulcano,
1299 558 1362 597 51.
1401 552 1566 601 Marte,
1601 561 1668 604 37.

266 627 466 676 Baccho,
500 628 563 674 63.
596 626 787 665 Hercule
812 630 959 665 utitur.
1015 626 1076 664 Ea
1096 628 1346 677 praesertim
1367 628 1414 662 in
1435 625 1672 677 compella-

265 706 392 746 tione
409 700 625 753 Apollinis
658 699 850 740 solennis
881 707 993 746 erat,
1034 700 1152 736 cuius
1185 699 1250 736 rei
1277 695 1443 749 ubique
1474 698 1673 749 exempla

269 775 412 815 obvia.
466 773 582 811 Hinc
602 782 755 824 poetas
779 769 1139 826 dithyrambiCOS,
1170 772 1245 822 qui
1267 772 1313 808 in
1331 772 1567 821 prooemiis
1591 768 1672 809 hac

269 849 457 891 formula
476 848 607 902 vngo
625 847 884 897 utebantur,
928 843 1246 901 ἂμφιὰνακτας
1263 855 1428 886 veteres
1456 844 1672 885 dixerunt.

269 925 488 978 Aristoph.
517 922 637 977 Νεφ.
664 930 752 976 595.
778 933 820 963 et
841 922 976 963 schol.

361 1033 654 1080 ’Ἄπολλον
693 1057 751 1068 -
790 1030 972 1084 ὂ’λλυ’,
1014 1031 1197 1090 ὥσπερ
1239 1030 1480 1082 ὀλλὺεις.
1534 1037 1578 1075 Si
1595 1036 1676 1076 Ar-

273 1114 512 1162 chssochus,
531 1124 581 1153 ut
603 1112 853 1153 Macrobius
876 1116 1005 1153 sentit
1015 1141 1030 1161 ,
1059 1113 1273 1164 originem
1297 1112 1486 1148 nominis
1510 1108 1676 1161 Apolli-

272 1179 339 1228 nis
366 1187 436 1227 hic
455 1189 666 1239 respexit,
697 1200 802 1226 sane
835 1185 1063 1236 fatendum
1093 1193 1181 1230 est,
1222 1196 1322 1221 eum
1349 1184 1483 1236 magis
1513 1180 1674 1230 sobrie,

276 1274 407 1315 quam
426 1261 689 1311 posteriores
713 1261 841 1298 etiam
862 1266 1130 1311 praestantes
1148 1264 1317 1308 poetas,
1349 1267 1399 1293 ea
1422 1267 1545 1293 usum
1567 1267 1675 1302 esse,

276 1336 353 1386 qui
375 1345 469 1371 non
489 1345 587 1371 raro
615 1331 889 1370 delectantur
916 1329 997 1369 hac
1024 1332 1255 1370 nomInum
1279 1329 1533 1374 notatione,
1573 1339 1677 1379 qua,

274 1409 446 1445 ratione
480 1407 659 1459 originis
690 1419 842 1445 eorum
874 1402 1046 1452 habita,
1090 1405 1150 1442 vis
1188 1403 1486 1453 proprietasve
1518 1401 1583 1438 rei
1609 1398 1681 1438 vel

274 1491 490 1531 personae
513 1477 726 1530 quaedam
745 1478 994 1518 illustratur.
1031 1476 1100 1515 Sic
1118 1474 1220 1514 illae
1241 1487 1391 1526 preces
1406 1471 1680 1526 Clytaemne-

277 1562 390 1591 strae
410 1550 527 1602 apud
547 1550 746 1606 Aeschyl.
767 1551 951 1605 Agamn.
972 1555 1073 1601 982,
1111 1561 1225 1601 quae
1255 1546 1367 1587 adeo
1393 1544 1552 1585 similes
1580 1553 1682 1584 sunt

279 1623 381 1663 huic
405 1623 506 1663 loco
532 1622 693 1662 Archil.

390 1707 498 1757 Ζεῢ,
547 1707 628 1751 Ζεῢ
669 1707 897 1757 Τέλειε,
949 1706 1028 1759 τὰς
1057 1705 1160 1764 ἐμὰς
1192 1700 1332 1763 εὗχᾶς
1368 1701 1553 1751 τέλει,

389 1784 538 1829 Μὲλοι
571 1784 614 1828 δέ
647 1786 715 1830 σοι’
745 1803 813 1834 τι,
852 1786 1024 1843 ‘rdiam-sp
1056 1782 1110 1827 ἂν
1142 1783 1314 1842 μέλλῃς
1342 1780 1505 1826 τελεῖν.

279 1873 489 1928 Exemplo
542 1876 596 1913 sit
643 1877 772 1913 etiam
820 1874 932 1913 illud
971 1872 1169 1912 Schilleri
1216 1874 1264 1910 in
1309 1868 1544 1910 Wilhelmo
1585 1866 1685 1906 Tell

281 1949 377 1988 Act.
397 1949 452 1987 V.
480 1948 546 1986 Sc.
566 1947 620 1986 II.
648 1947 872 2000 Freyburg
898 1949 954 1986 isc
979 1948 1077 1985 eine
1101 1945 1243 1984 sichre
1265 1946 1382 1995 Burg
1407 1941 1487 1981 der
1505 1942 1685 1992 Freyen.

248 2020 260 2033 ⁸
283 2021 447 2060 Verum
464 2020 583 2059 lusus
603 2018 673 2058 hic
691 2023 738 2058 in
759 2020 899 2059 verbis
917 2018 1138 2058 interdum
1154 2016 1355 2071 frigidior
1375 2025 1450 2055 est.
1462 2012 1684 2052 Theocrit.

282 2095 408 2150 Idyll.
430 2096 492 2136 26.
544 2085 626 2142 Ἐξ
665 2088 784 2149 ὄρεος
812 2093 1020 2148 πένθημα
1058 2089 1132 2133 καὶ
1171 2085 1222 2133 οὗ
1261 2088 1444 2142 Πενθῆα
1484 2085 1683 2141 φέρουσι.

284 2172 484 2227 Aeschyl.
546 2168 691 2213 Λύκει’
748 2165 887 2221 ἅναξ,
948 2168 1123 2219 λύκειος
1174 2164 1304 2223 ›ysssjvoss
1360 2164 1509 2221 ςρατῷ
1563 2161 1684 2217 δαΐῳ.

284 2251 480 2303 Euripid.
512 2251 586 2291 Or.
622 2259 731 2304 1037.
763 2251 818 2291 de
850 2251 1006 2292 Helen.
1046 2244 1179 2302 Ζηνὸς
1219 2242 1304 2301 γὰρ
1345 2233 1481 2286 οὖσαν
1511 2239 1591 2298 ζῆν
1621 2252 1686 2282 νιν

287 2320 489 2381 ἄφθιτον
510 2324 671 2382 χρεὼν.
707 2329 844 2368 Recte
863 2340 1010 2369 tamen
1030 2329 1299 2368 doctissimus
1325 2325 1467 2364 editor
1482 2320 1686 2375 Aeschyli

239 2394 250 2407 l
289 2407 347 2447 ad
371 2401 496 2444 Ἑπτ.
521 2402 588 2444 ἐπὶ
609 2402 660 2443 Θ.
686 2420 726 2444 v.
749 2411 837 2458 577.
864 2419 909 2457 p.
935 2396 1023 2452 522.
1053 2405 1274 2451 observat,
1310 2403 1423 2441 hanc
1457 2401 1689 2439 nominum

287 2483 577 2527 notationem,
608 2492 704 2518 cum
725 2478 781 2518 ad
803 2487 1006 2517 eventum
1026 2478 1215 2531 aliquem
1238 2473 1605 2519 accommodatur,
1637 2484 1690 2510 ea

291 2563 456 2601 aetate,
498 2566 584 2605 qua
614 2562 769 2591 cuncta
798 2551 1064 2591 vaticinandi
1092 2562 1253 2603 genera
1286 2547 1518 2602 vigebant,
1559 2547 1690 2583 etiam

290 2629 500 2665 maiorem
518 2628 604 2665 vim
635 2635 678 2664 et
698 2624 953 2679 dignitatem
973 2623 1188 2662 habuisse.
1247 2621 1362 2660 Vide
1382 2621 1473 2660 Ioa.
1497 2617 1689 2658 Brodaei

291 2699 474 2738 Miscell.
501 2699 607 2750 Cap.
627 2698 679 2736 V.
713 2711 770 2737 an
797 2697 904 2737 boni
925 2696 1080 2736 malive
1113 2695 1337 2748 quidpiam
1364 2707 1416 2733 ex
1434 2688 1690 2734 nominibus

294 2775 377 2812 suis
402 2771 649 2813 hominibus
672 2774 906 2824 contingat.
