1846 3308
145 762 891 829 INCERTORUM
957 759 1536 820 LIBRORUM

449 871 487 917 F
530 870 575 916 R
621 870 665 914 A
712 869 754 912 G
791 867 859 915 Μ
903 866 947 911 Ε
990 867 1041 911 Ν
1085 867 1129 911 Τ
1173 866 1232 910 A.

733 1109 952 1153 LXXIII.

280 1188 492 1277 Φιλὴτᾳ
525 1205 735 1279 νύκτωρ
771 1206 884 1276 περὶ
920 1205 1065 1256 πόλιν
1101 1205 1434 1279 πωλευμένῳ.

284 1375 403 1425 Furi
433 1386 590 1423 noctu
618 1373 744 1421 circa
779 1372 956 1421 urbem
991 1373 1213 1437 vaganti.

223 1543 469 1585 Eustathius
492 1542 646 1597 Odyss.
674 1554 709 1582 v·
737 1541 788 1580 T.
807 1541 879 1580 111.
898 1554 942 1592 p.
964 1547 1075 1593 1889,
1098 1555 1135 1581 2.
1174 1535 1374 1594 Φιλῆτου
1397 1537 1441 1581 δὲ
1459 1537 1540 1581 τοῦ

149 1617 377 1677 εἰρημένου
395 1618 551 1675 χρῆσις
571 1615 651 1674 μὲν
669 1612 790 1673 παρά
810 1631 859 1657 τε
874 1613 1063 1670 Ἡσιόδῳ
1092 1610 1238 1672 (Ἑργ.
1268 1634 1304 1660 v.
1323 1622 1438 1672 373.)
1467 1615 1542 1658 καὶ

149 1694 271 1754 παρὰ
288 1694 553 1753 ’Δρχιλόχῳ
574 1694 617 1738 ἐν
644 1693 712 1749 τῷ
742 1690 919 1749 φιλήτᾳ
938 1707 973 1734 ν.
993 1708 1038 1735 π.
1061 1708 1108 1735 π.
1128 1709 1174 1736 π.
1202 1688 1339 1750 ἤγουν
1371 1693 1545 1751 κλέπτῃ

152 1772 427 1830 νυκτιλόχῳ.
478 1776 675 1817 lamburn
705 1773 923 1823 effeceris,
961 1778 997 1814 si
1018 1775 1190 1829 dactylo
1211 1778 1259 1815 in
1287 1779 1412 1816 tertia
1439 1776 1545 1816 sede

153 1855 340 1895 admisso
366 1854 507 1907 legas:
552 1847 729 1905 Φιλῆτα
764 1846 937 1904 νύκτωρ
976 1848 1072 1906 περὶ
1103 1848 1235 1892 πόλιν
1275 1845 1546 1908 πωλεύμενέ.

151 1946 255 1973 :nam
302 1931 348 1970 hi
392 1933 578 1970 vocativi
621 1933 669 1969 in
703 1942 733 1967 α
765 1930 916 1970 breves
958 1941 1071 1969 sunt.
1135 1931 1265 1971 Hom.
1310 1930 1359 1970 11.
1387 1943 1428 1968 α.
1456 1937 1545 1982 540.

153 2005 199 2049 λ.
225 2014 315 2057 535.
343 1998 527 2053 τοξότα,
557 2002 785 2060 λωβητὴρ.
812 2009 881 2046 Sic
899 2017 940 2047 et
959 2007 1112 2060 Odyss.
1135 2020 1183 2045 ω.
1210 2021 1248 2047 v.
1272 2021 1331 2047 10.
1347 2007 1547 2061 Aeschyl.

153 2081 371 2124 Prometh.
394 2095 430 2120 v.
456 2086 515 2127 13.
567 2080 637 2118 De
659 2080 922 2134 etymologia
942 2079 1068 2119 huius
1098 2084 1214 2120 vocis
1248 2083 1335 2134 agit
1354 2079 1547 2119 Eustath.

153 2162 183 2200 l.
198 2176 232 2200 c.
254 2161 483 2199 ethetzes
502 2157 556 2196 ad
569 2157 741 2196 Hesiod.
755 2149 882 2209 ’Έργ.
901 2172 937 2197 v.
950 2166 1037 2207 373.
1056 2159 1142 2198 Sed
1157 2159 1273 2198 lectu
1292 2161 1422 2214 digna
1438 2170 1550 2208 sunt,

156 2248 270 2287 quae
297 2231 483 2287 Etymol.
511 2231 573 2269 M.
603 2244 652 2269 ex
678 2230 915 2284 Tryphone
943 2235 1220 2285 grammatico
1253 2233 1308 2271 de
1336 2232 1416 2272 hae
1443 2247 1549 2272 voce
1588 2240 1593 2242 ’

160 2310 320 2349 adfert:
362 2301 558 2359 Φιλητὴς
598 2297 860 2359 ὀξυνόμενον
899 2304 980 2361 μὲν
1018 2304 1215 2360 σημαίνει
1254 2302 1331 2347 τὸν
1374 2304 1552 2363 ἐραςὴν·

158 2376 511 2439 παροξυνόμενον
561 2381 606 2424 δὲ
652 2380 730 2424 τὸν
770 2380 984 2437 κλέπτην.
1043 2382 1163 2439 παρὰ
1202 2381 1255 2426 τὸ
1300 2380 1552 2438 ὑφελέσθαι

159 2460 331 2516 γίνεται
350 2457 612 2516 ὑφειλὲτης,
642 2457 855 2502 καὶκατὰ
874 2460 1106 2518 ἀφαίρεσιν
1137 2460 1218 2504 τοῦ
1252 2477 1277 2504 υ
1312 2459 1387 2503 καὶ
1419 2461 1499 2504 τοῦ
1535 2477 1555 2503 ε

160 2537 235 2580 καὶ
261 2534 433 2580 ἐκτάσει
455 2536 535 2580 τοῦ
558 2554 579 2580 ε
601 2537 659 2587 εἷς
678 2553 702 2592 η
725 2536 892 2593 γίνεται
921 2538 1126 2595 Φιλήτης.
1167 2537 1323 2582 πολλὰ
1358 2537 1402 2580 δὲ
1431 2537 1557 2594 πάθη

160 2613 359 2658 ἐνταῦθα
387 2613 555 2670 γέγονε.
593 2614 717 2670 λέγει
748 2614 792 2658 δὲ
818 2614 840 2658 ὁ
873 2614 1095 2674 Τρύφων,
1133 2614 1204 2661 ὅτι
1246 2615 1490 2658 συνέπαθεν
1531 2613 1558 2671 ἣ

165 2691 293 2747 φωνὴ
323 2691 391 2746 τῷ
430 2692 762 2750 σημαινομὲνῳ,
816 2691 873 2744 ὡς
912 2691 1235 2750 ἣμισυκύκλιον
1276 2690 1559 2749 ἡμικύκλιον,

163 2768 334 2819 λείπω,
363 2761 505 2826 λιμόςζ
535 2769 557 2813 ὁ
582 2770 666 2828 γὰρ
692 2769 887 2826 κλέπτης
909 2768 1072 2814 ἔνδειαν
1090 2771 1228 2820 ποιεῖ,
1258 2762 1313 2814 οὗ
1330 2770 1464 2829 χάριν
1486 2769 1560 2814 καὶ
