1846 3308
807 273 1181 314 -266—

302 403 468 441 Maeon
481 428 495 449 ,
533 400 762 454 Olympico
785 402 1018 439 certamine
1041 402 1199 448 victor,
1235 400 1395 440 iudicio
1414 396 1543 440 totius
1563 401 1700 441 Grae-

306 478 398 514 ciae
420 476 847 525 eximius-poetarum
870 482 933 512 est
953 473 1147 521 habitus,
1180 483 1222 511 et
1242 476 1283 513 ei
1309 473 1392 513 soli
1408 477 1472 513 ius
1492 474 1698 513 tributum

304 546 571 587 emendandi
609 545 874 586 characteres
908 556 950 585 et
978 549 1158 585 nomina
1189 556 1231 585 et
1259 546 1453 601 linguam
1484 560 1698 603 grae—cam,

305 635 435 673 quae,
456 630 505 659 ut
521 620 682 666 ferunt,
706 618 892 658 Cadmus
911 618 1164 658 Samothrax
1185 619 1277 658 fere
1300 618 1483 659 barbara
1504 629 1546 659 et
1564 619 1698 671 plena

301 694 511 733 ruditatis.
532 691 675 731 attulit
714 691 793 730 sub
824 691 1037 730 excidium
1068 692 1332 740 Troianum,
1383 707 1479 731 cum
1507 705 1699 731 reversus

303 776 416 806 esset
439 780 463 804 a
484 766 609 819 fuga,
650 778 779 818 quam
800 767 956 802 inierat
977 763 1034 802 ob
1056 774 1299 813 certamen,
1339 765 1463 818 quod
1480 764 1543 803 illi
1560 767 1700 817 prisca

303 853 406 878 uxor
430 839 637 878 intulerat
660 845 839 888 propter
862 839 1034 887 nuptias
1061 837 1393 889 superinductae
1414 839 1696 878 Harmoniae.

303 915 413 951 Sunt
433 925 533 964 ergo
551 921 670 949 nunc
691 907 954 948 characteres
977 909 1030 948 ab
1050 909 1235 948 Homero
1253 911 1393 950 forma
1416 911 1700 966 elegantiore.

303 986 414 1024 Nam
440 986 568 1036 primi
588 981 832 1021 barbariam
854 980 1074 1032 quandam
1093 991 1304 1020 vetustam
1337 993 1380 1022 et
1399 997 1492 1023 non
1510 982 1700 1023 Phoeni·

305 1063 413 1097 ciam
436 1056 649 1103 ferebant,
673 1057 774 1107 quia
794 1052 903 1093 nihil
914 1052 1176 1093 Phoenicum
1198 1052 1376 1104 habent,
1398 1066 1447 1095 ut
1466 1060 1699 1113 cernimus,

303 1131 381 1170 sed
402 1129 652 1168 Galatarum
680 1137 722 1167 et
745 1127 984 1166 Maeonum
1012 1124 1167 1179 figuras
1194 1130 1397 1167 retinent.
1458 1129 1581 1168 Idem
1606 1129 1702 1168 Ho-

305 1217 446 1243 merus
482 1202 733 1241 reformavit
765 1198 1030 1238 characteres
1062 1208 1105 1238 et
1135 1204 1437 1252 grammaticae
1465 1211 1699 1254 praecepta

305 1278 466 1328 primus
488 1274 624 1321 dedit,
655 1286 750 1311 cum
773 1282 899 1312 antea
920 1275 1105 1325 quisque
1123 1285 1324 1313 sermone
1348 1272 1554 1313 scriberet
1572 1273 1700 1314 simul

310 1359 353 1388 et
389 1348 644 1400 loqueretur
678 1345 927 1384 vernaculo.
1002 1344 1128 1396 Quae
1163 1347 1361 1400 profecto
1401 1349 1531 1386 etiam
1559 1346 1699 1395 Italia,

309 1435 421 1474 quae
460 1430 503 1459 et
536 1432 694 1474 magna
731 1418 914 1457 Graecia
959 1420 1160 1471 suscepit.
1239 1420 1459 1460 Hactenus
1494 1419 1550 1459 de
1593 1429 1700 1458 tem-

308 1494 503 1546 poribus.
