1846 3308
335 839 780 889 SINGULAE
824 837 1100 883 VOCES
1148 839 1725 890 ARCHILOCHO

750 929 1313 976 USURPATAE.

897 1204 1163 1251 CXXXIII.

828 1310 928 1377 Ἀγ
941 1310 965 1360 ε’
978 1328 1009 1382 ρ
1026 1329 1070 1360 ω
1084 1329 1129 1376 χ
1146 1330 1174 1362 ο
1189 1329 1227 1372 ς.

332 1389 558 1459 Eustath.
586 1415 634 1455 Il.
661 1410 710 1464 β.
736 1414 787 1454 Τ.
807 1415 839 1455 Ι.
874 1428 919 1467 p.
943 1420 1033 1466 514.
1062 1438 1110 1448 -
1160 1409 1410 1469 ’Δγὲρωχοι
1449 1411 1493 1456 δὲ
1511 1440 1513 1443 -
1533 1414 1572 1457 οἱ
1610 1409 1727 1470 ἄγαν

332 1491 462 1549 γέρας
479 1487 682 1545 ἔχοντες,
713 1487 782 1530 ἵνα
803 1481 885 1531 εἶεν
912 1486 1155 1545 ἀγερὰοχοι
1178 1490 1252 1532 καὶ
1283 1491 1327 1533 ἐν
1358 1491 1597 1549 συναιρέσει
1630 1491 1729 1546 ἂγέ·

332 1583 497 1626 ρωχοι.
552 1566 652 1610 κατ’
692 1564 889 1609 ἐπίτασιν
927 1566 1017 1608 τῶν
1054 1565 1211 1618 ἁπλῶς
1249 1569 1460 1626 γεραρῶν.
1501 1566 1631 1624 δηλοῖ
1668 1566 1727 1615 δὲ.

333 1643 488 1701 φασὶν,
510 1642 535 1701 ἣ
557 1639 678 1695 λέξις
699 1641 801 1694 τοὺς
822 1642 1018 1700 σεμνοὺς,
1048 1642 1105 1695 ὡς
1124 1643 1326 1702 ’Δλκμὰν
1347 1644 1580 1699 βούλεται.
1626 1643 1727 1688 Ἀλ-

333 1725 457 1772 καῖος
480 1722 545 1774 δὲ,
573 1720 712 1775 φασὶ,
742 1721 817 1764 καὶ
846 1721 1120 1779 Ἀρχίλοχος
1149 1722 1382 1781 ἀγέρωχον
1414 1720 1493 1767 τὸν
1527 1719 1728 1781 ἄκοσμον

334 1799 408 1844 καὶ
439 1798 640 1858 ἀλαζόνα
669 1794 771 1843 οἶδε.
822 1804 989 1844 Vocem
1017 1808 1171 1859 igitur,
1208 1819 1293 1858 qua
1321 1805 1535 1844 Homerus
1563 1807 1610 1843 in
1635 1803 1730 1843 lau-

331 1878 431 1917 dem
452 1891 620 1925 eorum,
650 1891 759 1930 quos
779 1887 828 1916 ut
842 1887 1041 1917 strenuos
1061 1881 1107 1917 in
1125 1878 1366 1931 pugnando
1388 1878 1595 1918 extollere
1619 1876 1726 1925 vult,

332 1936 495 1998 utimr,
522 1949 805 1990 Archilochus
834 1949 1032 1990 adhibuit
1059 1950 1115 1990 ad
1144 1950 1475 2004 significandum
1506 1949 1728 1989 hominem

330 2026 692 2075 incompositum,
737 2023 1032 2078 inelegantem
1067 2023 1137 2063 vel
1179 2027 1361 2063 nimium
1402 2032 1726 2064 ostentatorem.

330 2101 443 2139 Nam
471 2101 662 2140 Homero
692 2101 826 2140 iidem
853 2102 1058 2150 Troiani,
1096 2115 1206 2154 quos
1239 2101 1342 2141 allas
1365 2095 1657 2155 μεγαθύμους
1685 2111 1728 2140 et

333 2168 616 2230 ὑπερθύμους
655 2188 832 2230 propter
876 2181 1068 2218 animum
1105 2177 1363 2217 bellicosum
1401 2186 1549 2224 vocat,
1596 2180 1726 2216 etiam

335 2249 560 2307 ἀγέρωχοι
599 2256 802 2294 dicuntur
836 2255 885 2294 ΙΙ.
911 2252 960 2304 β
989 2256 1077 2302 623.
1115 2267 1153 2306 η.
1180 2259 1268 2305 343.
1329 2254 1400 2292 sic
1428 2262 1472 2291 et
1497 2251 1725 2292 bellicosus

331 2329 550 2382 Mysorum
580 2338 625 2367 et
656 2328 928 2368 Rhodiorum
957 2328 1146 2380 populus
1180 2326 1365 2366 eandem
1405 2325 1727 2365 denominatio-

330 2417 434 2444 nem
478 2403 648 2443 obtinet
693 2405 739 2444 Π.
769 2417 810 2443 κ.
844 2411 934 2457 450.
976 2398 1025 2454 β.
1053 2405 1142 2455 664.
1203 2405 1273 2444 Ad
1312 2406 1585 2444 notationem
1619 2416 1723 2443 vero

331 2477 458 2517 huius
489 2480 606 2517 vocis
634 2479 955 2530 explicandam,
1006 2477 1229 2530 quatenu?
1257 2479 1348 2516 eius
1379 2474 1636 2529 significatio
1670 2475 1726 2515 ab

330 2552 564 2592 Homerica
586 2552 746 2599 differt,
774 2554 965 2594 Eustath.
986 2555 1014 2593 1.
1037 2569 1072 2594 c.
1097 2553 1206 2593 haec
1226 2554 1368 2593 addit:
1397 2548 1532 2592 τοῦτο
1557 2547 1601 2590 δὲ
1625 2545 1727 2598 ἴσως

329 2624 380 2667 ἐκ
411 2626 672 2685 μεταφορᾶς
699 2627 780 2671 τοῦ
820 2624 1114 2685 ὑπερηρμὲνου
1146 2625 1219 2670 καὶ
1248 2624 1527 2683 ὑπερφανοῦς
1556 2619 1637 2679 (ἐξ
1670 2615 1724 2669 οὗ

330 2701 604 2759 πλεονασμῷ
622 2704 701 2748 τοῦ
724 2721 749 2761 η
771 2701 1071 2763 ὑπερήφανος)
1098 2706 1172 2748 καὶ
1198 2704 1374 2758 κούφου
1403 2702 1478 2746 καὶ
1502 2701 1723 2759 ἐλαφροῦ.

329 2776 376 2830 ὃς
396 2778 551 2836 ἄγοιτο
574 2779 627 2825 ἂν
650 2780 755 2842 ῥᾷον
779 2778 862 2827 ὑπὸ
886 2778 1025 2840 ὄχου,
1058 2779 1193 2839 ἤγουν
1220 2779 1430 2840 ἅρματος.
