1846 3308
677 333 745 341 .....
819 310 913 362 ¹49
982 332 1050 340 -.

155 439 378 497 μέμνηται
431 438 477 482 δὲ
521 438 614 482 τῶν
660 439 814 481 Σαΐων
860 435 1150 494 ’Δρχίλοχος.
1216 440 1463 482 Eustathius
1500 442 1559 481 ad

156 517 340 572 Dionys.
366 518 579 571 Perieget.
600 529 639 555 v.
657 522 744 562 533.
770 513 997 554 Thraciam
1025 518 1164 567 ipsam
1192 514 1245 554 ab
1275 514 1359 555 hoc
1386 512 1556 569 populo

156 596 332 635 Samum
360 583 744 647 (Samothraciam)
773 602 971 632 vocatam
1001 606 1092 633 esse
1124 594 1270 633 refert.
1307 589 1363 631 Οἱ
1394 588 1439 631 δέ
1469 590 1559 644 φα·

160 682 252 717 σιν.
312 665 384 713 ὅτι
424 667 579 724 Σάμος
617 663 800 722 λέγεται
840 663 865 722 ἦ
904 666 1099 724 Θρᾳκία.
1154 668 1282 711 οἱονεὶ
1318 666 1440 718 Σάος
1475 683 1556 720 τις.

158 745 234 789 καὶ
262 746 381 789 κατὰ
406 742 689 800 πλεονασμὸν
718 743 800 787 τοῦ
836 760 870 801 μ
901 742 1079 801 Σάμος,
1109 742 1196 786 ἁπό
1218 746 1372 787 Σαΐων
1400 744 1557 795 ἔθνους

157 826 354 871 παλαιοῦ
401 826 656 883 οἰκήσαντος
698 824 864 883 αὐτὴν,
924 817 980 869 οὗ
1023 825 1244 883 μέμνηται
1281 825 1559 884 ’Δρχίλοχος

158 904 395 963 ὁμολογῶν
426 901 656 962 ἄχραντον
694 903 775 961 τὴν
806 902 944 947 αὑτοῦ
975 902 1137 946 ἀσπίδα
1166 903 1210 947 ἐν
1237 905 1296 961 τῆ
1324 906 1455 962 φυγῇ
1481 921 1558 949 πο·

158 981 300 1040 λέμου
336 983 469 1043 ῥίψαι
505 990 608 1041 παρ’
648 978 813 1033 αὐτοῖς.
883 988 1078 1027 Nominis
1113 991 1401 1037 mutationes,
1448 1002 1556 1043 quas

155 1061 467 1116 progrediente
488 1072 686 1114 tempore
708 1065 845 1101 varias
872 1059 942 1099 hic
966 1060 1155 1112 populus
1174 1060 1328 1108 subiit,
1366 1075 1556 1101 comme-

156 1147 299 1177 morat
335 1137 454 1177 idem
490 1135 645 1176 Strabo
682 1150 727 1188 p.
751 1141 840 1189 549.
875 1132 963 1175 Καὶ
1002 1133 1150 1177 ταῦτα
1187 1134 1278 1177 τῶν
1325 1134 1556 1191 ὀνομάτων

156 1215 461 1274 μεταπτώσεις
488 1213 661 1267 πολλὰς
685 1213 937 1271 δεχομένων
963 1216 1037 1260 καὶ
1065 1215 1235 1276 μάλιςα
1267 1215 1309 1260 ἐν
1337 1218 1430 1268 τοῖς
1447 1217 1558 1277 βαρ·

154 1299 322 1356 βαροις.
400 1297 573 1347 Σίντιες
623 1296 709 1355 γὰρ
759 1295 1009 1341 ἐκαλοῦντό
1026 1314 1167 1350 *τινες
1212 1298 1303 1342 τῶν
1352 1300 1557 1357 Θρᾳκῶν,

157 1370 256 1419 εἶτα
295 1375 474 1423 Σίντοι,
524 1370 622 1418 εἶτα
660 1374 818 1427 Σάΐοι,
867 1375 970 1433 παρ’
1015 1373 1079 1427 οἷς
1119 1376 1255 1432 φησιν
1282 1376 1562 1435 ’Δρχίλοχος

156 1454 239 1511 τὴν
271 1452 433 1496 ἀσπίδα
461 1452 607 1513 ῥίψαι.
647 1477 704 1486 —-
738 1477 796 1486 —
833 1454 891 1496 Οἱ
919 1453 954 1496 δ’
988 1451 1115 1498 αὐτοὶ
1144 1446 1271 1498 οὗτοι
1298 1455 1455 1499 Σάπαι
1483 1457 1560 1500 νῦν

160 1530 469 1591 ὀνομάζονται.
527 1530 700 1581 Πάντες
727 1530 813 1587 γὰρ
852 1522 977 1575 οὗτοι
1017 1530 1113 1589 περὶ
1143 1528 1346 1591 ’Ἄβδηρα
1382 1534 1463 1591 τὴν
1506 1532 1563 1578 οἴ·

159 1624 285 1667 ῄκησιν
316 1604 442 1668 εἶχον
478 1607 553 1652 καὶ
583 1608 661 1662 τὰς
702 1606 799 1665 περὶ
830 1609 1006 1667 Λῆμνον
1037 1608 1202 1665 νήσους.
1263 1613 1319 1652 Et
1351 1613 1563 1665 Excerpta

162 1702 213 1741 ex
250 1688 465 1728 Strabone
499 1689 549 1730 Τ.
583 1687 637 1728 ΙΙ.
677 1701 720 1739 p.
759 1691 845 1739 157.
905 1687 977 1726 Ad
1013 1686 1098 1727 hoc
1132 1687 1425 1741 fragmentum
1448 1685 1563 1724 refe-

160 1760 322 1800 rendus
374 1761 547 1800 videtur
607 1762 737 1799 etiam
793 1759 917 1800 locus
973 1762 1214 1801 Pausaniae
1260 1762 1309 1799 in
1364 1756 1563 1798 Achaicis

161 1851 206 1891 p.
234 1843 333 1885 215,
369 1838 433 1884 36.
467 1837 546 1876 ubi
589 1847 741 1877 auctor
775 1841 1014 1878 memoriae
1047 1838 1175 1891 lapsu
1208 1832 1252 1876 ἐν
1283 1831 1435 1889 ἰάμβῳ
1463 1838 1566 1874 scri-

160 1913 258 1970 psit.
312 1910 471 1969 Περσεῖ
498 1909 583 1967 γὰρ
612 1911 681 1967 τῷ
713 1909 941 1954 Φιλίππου
980 1911 1086 1970 πρὸς
1120 1910 1366 1970 Ῥῳμαίους
1406 1903 1564 1964 ἄγοντι

163 1988 331 2046 ἐἶρήνην
360 1987 481 2031 κατὰ
512 1988 750 2045 συνθήκας,
791 1985 840 2042 οἳς
872 1988 895 2032 ὁ
926 1989 1073 2047 πατήρ
1104 1990 1145 2033 οἱ
1175 1987 1396 2038 Φίλιππος
1424 1984 1566 2043 ἐποιή-

163 2080 299 2113 σατο,
338 2064 533 2123 ἐπῆλθεν
562 2062 803 2125 ὑπερβῆναι
832 2065 933 2120 τοὺς
965 2064 1149 2122 ὅρκους,
1193 2066 1268 2110 καὶ
1297 2065 1367 2109 ἐπὶ
1394 2080 1444 2108 τε
1474 2066 1566 2106 Σα·

161 2144 279 2189 τέων
308 2143 387 2188 τὸν
414 2142 611 2198 βασιλέα
640 2141 973 2200 (καὶ)”Δβρου
1003 2144 1175 2196 πόλεως
1204 2132 1430 2202 ςράτευμα
1459 2142 1567 2199 ἁγα-

163 2221 281 2281 Ὑῶν,
325 2221 523 2279 ἐποίησεν
553 2221 821 2275 ἂναςάτους,
857 2222 1088 2279 Ῥωμαίων
1120 2221 1390 2281 συμμάχους
1420 2217 1565 2275 ὄντας.

163 2301 354 2344 Σαπέων
393 2299 438 2343 δὲ
475 2294 649 2343 τούτων
694 2297 768 2342 καὶ
798 2299 1075 2359 ’Δρχίλοχος
1114 2300 1157 2344 ἐν
1199 2299 1351 2359 ἰάμβῳ
1390 2299 1565 2359 μνήμην

165 2378 286 2437 ἔσχε.
357 2383 555 2422 saiorum
592 2392 777 2431 nempe,
826 2383 903 2432 qui
934 2389 1132 2433 tempore
1162 2380 1427 2426 Pausaniae,
1470 2389 1567 2416 non.

165 2477 268 2504 vero
301 2458 573 2508 Archilochi,
615 2459 755 2510 Sapae
787 2459 892 2499 dicti
924 2469 1048 2506 sunt,
1093 2459 1348 2500 Pausaniam
1375 2459 1565 2499 voluisse

166 2542 435 2584 mentionem
461 2539 606 2579 facere
638 2536 835 2578 arbitror.
896 2539 968 2580 De
997 2541 1105 2580 Saiis
1130 2539 1254 2588 vide,
1302 2554 1434 2593 quem
1464 2543 1566 2579 citat

168 2616 318 2657 Iacobs
328 2644 344 2664 ,
381 2616 594 2656 Gatterer.
616 2620 663 2656 in
682 2617 974 2658 Commentar.
994 2619 1093 2658 Soc.
1111 2633 1201 2673 reg.
1220 2620 1417 2673 Gotting.
1435 2633 1478 2673 p.
1500 2625 1562 2671 57.

234 2768 237 2773 ..
266 2715 320 2754 V.
348 2730 381 2756 ι.
412 2712 626 2756 ’Δσπὶδι
662 2739 719 2748 -
755 2714 1098 2773 ἂγάλλεται.
1147 2722 1358 2774 Excerpta
1380 2736 1429 2762 ex
1447 2723 1564 2763 Stra-

170 2795 274 2835 bon.
298 2796 349 2833 T.
371 2795 424 2834 11.
448 2809 492 2847 p.
510 2802 599 2848 517.
624 2791 808 2835 ’Δσπὶδα
838 2815 892 2826 —-
922 2793 1121 2838 ἀνείλετο
1149 2797 1325 2837 habent.
