1846 3308
183 422 189 427 ’
245 425 315 468 m)
346 422 580 459 Athenae·
607 422 654 458 L.
673 422 779 459 XIV.
805 435 844 470 p.
863 421 944 465 635.
980 423 1040 458 Τὰ
1064 424 1223 471 Rae-asia
1242 427 1380 472 πρῶτος
1401 424 1542 462 πάντων

154 491 382 541 Τίρπανὸροξ
399 492 481 539 vum?
492 517 504 532 ,
537 493 584 533 ὡς
598 490 810 532 ‘Ennium
837 489 947 538 ἶςορεῖ
971 489 1007 526 ἔν
1027 505 1065 526 τε
1085 493 1161 533 τοῖς
1186 491 1371 537 ἐμμέτροις
1395 494 1547 541 Kaputa·

153 560 278 602 νίκαις,
298 559 364 607 κᾷν
382 561 457 602 τοῖς
474 558 737 604 καταλογάδην.
775 558 944 606 Ἐγίνετο
963 558 1001 594 δὲ
1019 560 1041 604 ἡ
1058 560 1158 600 θέσις
1172 562 1242 594 τῶν
1257 561 1435 608 Καρνείων
1453 564 1546 598 κατὰ

152 628 217 674 τὴν
240 626 343 674 ἕκτην
369 628 428 664 καὶ
451 627 588 672 εἶκοςὴν
609 624 863 672 Ὀλυμπιάδα,
903 628 949 669 ὡς
980 627 1161 671 Σωσίβιός
1191 630 1300 671 Φησιν
1324 629 1359 663 ἐν
1388 630 1442 673 τῷ
1464 631 1544 678 περὶ

153 697 311 746 χρόνων.
367 694 563 734 Sosibius,
597 695 749 746 Lacon,
788 692 856 741 qui
887 693 980 728 dum
1005 692 1051 727 de
1079 692 1192 727 rebus
1217 694 1351 740 patriis
1378 705 1544 738 testatur,

155 775 262 799 tanto
288 764 412 812 magis
440 760 553 815 iidem
579 771 757 797 meretur.
815 760 915 798 Vide
946 773 1097 810 quoqne
1125 760 1332 809 fragmenta
1352 761 1546 798 Hellanici

154 844 176 866 ι
201 830 305 868 doct.
329 830 479 872 Stm‘zio
508 829 609 865 edita
631 830 674 864 in
696 829 801 864 notis
820 842 859 879 p.
877 834 944 872 34,
969 834 1035 872 85,
1069 829 1176 865 cuius
1196 830 1400 865 sententiae
1420 841 1544 883 tamen

154 911 236 934 non
250 884 408 938 accedo,
432 911 555 947 neque
576 896 690 932 aliam
715 910 829 946 quam
847 897 1044 945 vulgarem
1061 908 1323 947 receptamque
1342 897 1545 949 Olympia·

154 967 246 1002 dum
260 966 450 1002 rationem
466 964 754 1013 intelligendam
770 977 848 1000 esse
870 964 1047 999 arbitror.

242 1037 295 1081 n)
327 1034 511 1070 Chronic.
532 1033 688 1068 Parium
708 1032 858 1081 Epoch.
874 1033 1036 1070 XXXV.
1059 1045 1100 1080 p.
1119 1045 1174 1068 ιι.
1198 1045 1235 1069 n.
1255 1038 1314 1082 49.

243 1105 295 1149 o)
326 1104 497 1140 Neuton.
514 1103 558 1137 in
580 1100 767 1138 Chronol.
789 1101 921 1137 Graec.
950 1100 1039 1147 cap.
1060 1100 1129 1138 XI.
1150 1101 1240 1137 XII.

239 1172 291 1219 p)
329 1170 477 1206 Clu-on.
507 1172 590 1206 Par.
618 1183 656 1218 p.
679 1169 757 1212 156.
784 1179 822 1203 et
849 1180 925 1216 seq.
954 1167 1053 1212 Cum
1083 1167 1310 1204 characteres
1335 1169 1401 1205 hic
1427 1170 1541 1206 deleti

153 1241 292 1278 essent,
335 1239 530 1287 primique
556 1246 822 1273 restauratores
849 1236 1054 1283 Tyrtaeum
1079 1235 1138 1270 ibi
1166 1236 1402 1284 posuissent,
1438 1238 1541 1275 doct.

152 1304 324 1355 Wagner
340 1307 398 1342 sic
419 1306 549 1355 potius
567 1304 821 1354 supplendum
838 1317 917 1339 esse
937 1314 1081 1346 censet:

320 1379 375 1418 αφ
398 1390 437 1411 ου
459 1377 685 1424 [Αρχιλοχ]
698 1389 713 1410 ο
725 1376 766 1419 [ς
783 1373 1035 1416 Τελεσικλο]υ
1048 1374 1090 1416 [ς
1110 1387 1128 1408 ο
1146 1387 1291 1417 ποιητής
1311 1371 1455 1420 ἐφᾶνη]

196 1444 199 1446 ’
240 1440 304 1477 vel
321 1447 375 1487 αφ
396 1459 434 1480 ου
455 1444 630 1491 [Amol]
645 1443 767 1490 ο[χσς
783 1457 864 1486 τους
885 1442 1103 1488 ιαμβο]υ[ς
1121 1442 1280 1488 εὸιὸαξε]

253 1774 417 1818 Vei-'um
442 1778 653 1820 Eusebius
679 1782 726 1818 in
752 1776 971 1816 Chronico
1005 1776 1137 1815 alium
1164 1785 1386 1816 auctorem
1414 1790 1539 1816 secu-

152 1859 245 1897 tus,
290 1835 335 1889 et
360 1852 607 1906 Syncellus,
655 1854 731 1904 qui
756 1850 993 1890 Eusebium
1025 1851 1268 1896 exscripsit,
1314 1859 1463 1888 contra
1490 1850 1537 1888 id

152 1923 275 1974 quod
306 1927 520 1976 superiori
547 1924 649 1964 loco
679 1933 899 1971 asserunt,
939 1920 1273 1969 Archilochum,
1318 1922 1535 1974 simulque

150 1995 421 2035 Simonidem
441 2006 483 2035 et
499 1997 802 2036 Aristoxenum
823 1996 997 2050 Olymp.
1014 1995 1177 2033 XXIX.
1206 1994 1407 2033 claruisse
1436 1999 1538 2033 scri-

150 2066 333 2120 bunt-³)
396 2070 523 2121 Quae
548 2080 598 2109 ut
623 2069 842 2124 prioribus
869 2082 964 2108 non
992 2067 1272 2113 dissentiant,
1310 2065 1367 2104 ad
1400 2076 1537 2105 extre·

116 2140 120 2143 ⁴
150 2155 269 2180 mum
299 2145 416 2181 vitae
441 2153 608 2196 tempus
626 2140 875 2182 Archilochi
903 2142 1016 2180 forte
1043 2139 1273 2178 referenda
1297 2131 1408 2187 sint,
1444 2143 1536 2191 qui,

151 2216 186 2251 si
215 2227 238 2252 a
267 2224 465 2266 tempore
494 2215 708 2254 deductae
733 2218 780 2254 in
798 2214 988 2253 Thasum
1012 2212 1238 2258 coloniae,
1276 2225 1364 2264 quo
1384 2212 1536 2251 saltem

151 2286 405 2327 adolescens
425 2289 576 2336 fuerit,
605 2291 819 2327 rationem
838 2290 985 2332 ineas,
1015 2285 1264 2340 Olympiadi
1282 2284 1444 2324 XXIX.
1468 2289 1537 2323 vix

153 2372 203 2397 ac
221 2372 278 2399 ne
296 2363 363 2400 vix
383 2360 562 2414 quidem
589 2363 870 2413 supervixisse
896 2359 1080 2398 videtur.
1134 2357 1377 2396 Observare
1406 2360 1536 2395 etiam

151 2430 276 2481 licet,
312 2436 359 2473 in
395 2433 647 2487 fragmentis
684 2437 774 2473 eius
802 2433 998 2485 plurimis
1023 2430 1132 2470 nihil
1157 2444 1262 2470 sane
1289 2443 1533 2476 occurrere,

154 2505 277 2556 quod
298 2506 411 2547 ultra
437 2506 610 2558 Olymp.
629 2505 790 2544 XXVI.
824 2504 1141 2558 progrediatur.
1210 2505 1443 2557 Syracusae
1480 2501 1534 2539 ab

150 2576 308 2616 Archia
347 2578 552 2619 conditae
588 2579 762 2632 Olymp.
792 2578 907 2629 V.b)
979 2577 1207 2630 Magnetes
1248 2575 1303 2614 ab
1339 2573 1533 2626 Ephesiis

150 2649 220 2687 vel
247 2650 453 2690 Treribus
482 2651 616 2691 deleti
642 2651 777 2703 paulo
804 2661 906 2691 ante
937 2650 1107 2704 Olymp.
1128 2649 1226 2687 XX.
1258 2648 1473 2686 videntur.
1490 2648 1533 2697 c)

151 2720 296 2775 Gyges
317 2723 374 2761 ad
396 2723 567 2778 Olymp.
586 2724 745 2764 XXVI.
773 2737 917 2775 usque
942 2721 1218 2775 regnaviud)
1254 2729 1303 2758 ut
1326 2719 1465 2767 adeo,
1499 2722 1536 2758 si

148 2797 263 2834 vitae
287 2794 420 2834 finem
444 2799 555 2835 circa
576 2797 749 2849 Olymp.
769 2797 932 2835 XXIX.
960 2798 1182 2835 statuimus
1216 2796 1254 2831 ei
1285 2794 1531 2844 contigisse,
