1846 3308
658 313 727 323 ·--
801 302 891 333 111
963 313 1032 322 --

146 422 459 481 κυλινδόμενος
486 418 606 463 κατὰ
635 418 818 477 κόπρον,
862 424 924 461 sic
945 419 1127 459 Hecuba
1146 433 1246 460 suos
1273 433 1542 475 suorumque

149 502 351 542 adversos
373 513 511 548 casus,
534 509 578 538 et
596 497 700 537 dum
710 493 965 548 Talthybius
987 506 1082 531 eam
1102 495 1285 544 quaerit,
1305 492 1456 534 chorus
1474 509 1543 535 re·

150 578 357 632 spondet:
378 570 503 625 Αὕτη
515 568 653 621 πέλας
666 580 745 613 σου
758 565 860 610 νῶτ’
872 564 1025 623 ἔχουέ
1042 563 1110 608 ἐπὶ
1123 565 1275 621 χθονὶ,
1289 563 1545 620 Ταλθύβιε,

149 652 296 695 κεῖται
310 645 685 707 συγκεκλεισμένη
699 643 883 695 πέπλοις
893 648 1001 687 Hec.
1016 661 1054 686 v.
1066 647 1155 697 486.
1170 656 1212 686 et
1220 647 1283 698 96.
1302 647 1357 686 de
1371 649 1542 688 eadem:

152 726 222 771 ἐπὶ
258 727 398 785 χθονὶ
425 725 582 768 listro:
624 723 740 767 κόνει
779 720 987 779 φύρουσα
1027 718 1206 776 δὺςηνον
1244 719 1374 778 κάρα.
1438 726 1546 764 Cur.

152 808 237 845 tius
258 805 314 845 de
333 802 571 858 Sysigambi
598 803 645 840 L.
665 802 721 840 X.
747 800 795 839 C.
814 799 869 837 V.
914 799 983 837 Ad
1004 798 1126 836 Darii
1159 810 1339 850 quoque
1364 808 1544 838 matrem

154 877 292 930 (fama
323 877 379 916 de
410 885 551 916 morte
578 872 837 923 Alexandri)
863 870 1029 923 perlata
1065 880 1141 909 est.
1206 869 1404 910 Abscissa
1440 884 1546 924 ergo

151 959 296 997 veste,
340 962 428 1002 qua
456 948 611 987 induta
632 957 747 995 erat,
782 943 1014 998 lugubrem
1046 945 1219 990 sumsit,
1259 942 1547 997 laceratisque

155 1021 342 1062 crinibus
366 1020 486 1061 humi
506 1034 663 1074 corpus
687 1018 858 1059 abiecit.

253 1113 362 1160 V.5
395 1105 506 1149 Καὶ
546 1107 676 1164 μάλ’
714 1097 775 1149 εὖ
800 1104 1146 1161 βεβηκότας.
1189 1106 1289 1146 Vid.
1311 1106 1462 1162 fragm.
1482 1116 1545 1156 23.

152 1195 247 1225 not.
267 1190 308 1237 4.
366 1185 599 1233 „Illustrat
634 1184 718 1225 hoc
755 1182 931 1222 dicendi
966 1195 1101 1236 genus
1135 1181 1184 1220 T.
1211 1180 1453 1220 Hemsterh.
1492 1182 1549 1221 ad

152 1263 332 1302 Lucian.
354 1262 406 1302 T.
425 1262 456 1303 1.
481 1277 524 1315 p.
541 1269 628 1314 278.
653 1273 696 1302 et
718 1261 774 1300 ad
798 1260 1015 1299 Herodoti
1044 1258 1175 1298 verba
1202 1253 1282 1309 τὴν
1314 1254 1549 1310 τυραννίδα

154 1327 207 1379 εὖ
224 1335 476 1392 βεβηκυῖαν
501 1339 761 1378 Valckenar.
781 1339 829 1378 L.
849 1337 940 1376 VII.
960 1350 1003 1388 p.
1033 1340 1121 1380 531.
1150 1348 1208 1373 12.
1225 1339 1256 1359 “
1280 1335 1446 1375 Iacobs.

252 1434 306 1472 V.
322 1437 361 1484 4.
385 1426 583 1471 “Tora-io
595 1443 651 1478 υς
678 1425 803 1469 κλίν
816 1440 838 1468 ο
853 1439 911 1467 uo
925 1441 951 1466 ι.
978 1428 1048 1466 Sic
1058 1427 1244 1466 Brunck.
1262 1440 1343 1479 pro
1366 1423 1549 1475 κινοῦσι,

156 1518 206 1548 ut
227 1517 271 1547 et
287 1504 547 1545 Valckenar.
568 1504 597 1543 l.
617 1517 654 1543 c.
677 1513 721 1542 et
746 1502 802 1542 ad
821 1501 1043 1542 Phoeniss.
1070 1513 1113 1552 p.
1133 1501 1221 1551 564.

255 1599 311 1638 V.
334 1603 372 1643 5.
406 1589 517 1633 Καὶ
552 1590 686 1643 βίου
724 1588 916 1646 χρὴμῃ
939 1613 996 1621 -
1022 1613 1079 1621 --
1107 1587 1403 1646 παρήορος.
1440 1590 1551 1647 χρή-

159 1687 220 1730 μη
244 1690 326 1727 pro
351 1669 444 1729 ’χρὴ
477 1668 565 1726 μὴ,
594 1674 716 1728 quod
743 1676 790 1711 in
820 1682 1023 1712 contextu
1042 1671 1226 1710 Gesneri
1255 1681 1343 1719 est,
1373 1682 1447 1710 aut
1469 1686 1549 1724 pro

158 1747 357 1807 χρῄζων,
385 1741 507 1804 quod
531 1754 578 1790 in
598 1755 795 1805 margine
815 1754 1090 1803 proponitur,
1121 1759 1163 1787 et
1186 1764 1208 1787 a
1230 1748 1448 1787 Brunckio
1478 1749 1552 1787 ad-

161 1835 348 1865 sumtum
369 1833 446 1871 est,
470 1822 917 1863 emendavitAbresch
936 1821 1171 1861 Dilucidat.
1190 1821 1387 1875 Thucyd.
1411 1829 1552 1874 p.773.

160 1902 236 1941 Est
257 1910 400 1939 autem
426 1894 581 1953 χρὴμη
607 1902 723 1938 iuxta
749 1899 924 1938 Suidam
952 1895 1084 1952 χρεία
1107 1893 1180 1936 καὶ
1205 1893 1368 1945 σπάνις.

258 1988 533 2030 Πλανᾶτα
546 2002 572 2028 ι.
634 1989 811 2029 Homer.
845 1989 999 2043 Odyss.
1027 2001 1062 2029 ο.
1088 1994 1176 2040 542.
1212 1981 1555 2043 πλαγκτοσύνης

163 2067 199 2111 δ’
236 2060 319 2111 οὖκ
360 2063 421 2118 ἔςι
460 2062 712 2119 κακώτερον
751 2057 871 2105 ἄλλο
899 2063 1139 2120 βροτοῖσιν.
1174 2067 1212 2106 Α
1239 2066 1439 2106 Leonida
1469 2068 1557 2106 Ta-

162 2153 340 2191 rentino
373 2147 469 2187 talis
493 2149 749 2185 miserorum
768 2148 853 2184 vita
883 2158 949 2198 ep.
970 2158 1053 2185 100.
1080 2128 1206 2184 Anal.
1226 2144 1278 2183 T.
1297 2130 1334 2188 I.
1358 2138 1559 2191 τοιοῦτος

162 2220 359 2267 πλανίων
394 2216 522 2273 (ἴβιος
546 2218 644 2273 βίος
670 2223 839 2263 dicitur.

270 2309 423 2353 No'ou
456 2305 752 2366 παρήορος.
811 2311 883 2352 Ad
917 2310 1029 2351 hanc
1062 2326 1215 2352 vocem
1260 2310 1558 2364 explicandam

169 2391 350 2431 advocat
381 2391 534 2432 lacobs
576 2389 831 2430 Valckenar.
867 2390 895 2430 l.
921 2405 954 2429 c.
991 2405 1032 2443 p.
1055 2394 1142 2441 247.
1167 2384 1381 2440 παρήορος
1409 2389 1559 2428 confe-

167 2476 335 2508 rentem
353 2482 451 2508 cum
465 2470 707 2509 Homericis
731 2469 780 2507 n.
796 2465 853 2520 ψ.
879 2467 968 2514 603.
997 2462 1086 2507 ἐπεὶ
1107 2459 1206 2506 οὔτι
1227 2462 1442 2519 παρήορος
1464 2458 1559 2504 οὔτ’

170 2540 404 2599 ἀεσίφρων.
454 2546 552 2598 Ipse
568 2543 851 2585 Archilochus
869 2544 1003 2585 verbo
1030 2541 1234 2600 παρήειρε
1261 2548 1306 2582 in
1325 2542 1441 2581 hunc
1461 2556 1560 2581 sen-

169 2634 265 2661 sum
291 2624 425 2660 utitur
448 2621 598 2675 fragm.
626 2622 690 2669 63.
716 2619 786 2669 τίς
812 2618 890 2669 σὰς
916 2618 1120 2676 παρήειρε
1151 2617 1335 2676 φρένας;
1379 2620 1503 2672 Ilgen
1528 2619 1559 2658 l.

171 2711 299 2749 supra
337 2700 405 2736 cit.
449 2693 664 2752 παρήορος
698 2703 791 2739 sine
825 2703 916 2739 iota
948 2699 1192 2751 subscripto
1228 2710 1319 2736 esse
1349 2695 1561 2736 adhiben-

172 2770 276 2810 dum
297 2770 536 2811 contendit.
