1846 3308
157 413 202 457 Is
238 427 357 458 sane
392 429 420 459 a
455 413 619 460 Musis
657 426 707 460 et
739 417 977 479 Apolline
1010 421 1158 467 Delio
1200 435 1276 470 est
1321 436 1542 481 amatu33

223 504 348 548 Tam
383 503 550 551 suavis
586 516 636 551 et
669 516 771 551 tam
802 508 1033 556 carminis
1066 511 1221 558 solers
1255 511 1357 559 fuit

223 593 480 657 Pangendi
514 606 564 641 et
598 596 662 642 ad
694 596 876 644 modos
910 598 1047 659 lyrae
1081 602 1305 648 canendi.

818 885 880 929 11.

630 975 1074 1022 MELEAGRI.

390 1068 539 1099 Anthol.
568 1070 608 1099 L.
627 1071 688 1099 111.
716 1081 749 1108 p.
768 1078 835 1106 330.
907 1073 1009 1102 Anal-
1039 1075 1075 1102 T.
1097 1075 1123 1103 1.
1154 1076 1216 1113 Ep.
1239 1085 1304 1115 119.

154 1125 423 1202 Δεξιτερὴν
452 1132 629 1180 Ἀΐδαο
664 1134 793 1182 ,θεοῦ
829 1135 973 1205 χέρα
1005 1136 1094 1184 καὶ
1128 1138 1198 1186 τὰ
1231 1140 1439 1190 κελαινὰ

210 1223 463 1286 Ὄμνυμεν
500 1223 734 1297 ἀῤῥήτου
774 1224 946 1290 δέμνια
981 1233 1330 1300 Φερσεφόνης·

153 1320 417 1390 Παρθένοι
454 1318 524 1379 ὡς
558 1320 747 1385 ἔτυμον
782 1323 869 1372 καὶ
907 1322 1007 1372 ὑπὸ
1043 1326 1229 1388 χθονί·
1277 1329 1452 1379 πολλὰ
1496 1332 1542 1381 δ’

245 1397 247 1399 ¹
928 1416 957 1466 ὁ
994 1420 1173 1490 πικρὸς

218 1510 436 1580 Αἱσχρὰ
470 1512 590 1561 καθ’
625 1509 864 1581 ἡμετέρης
894 1510 1097 1576 ἔφλυσε
1132 1516 1400 1585 παρθενίης

151 1607 502 1679 Ἀρχίλοχος,
540 1605 698 1657 ἐπέων
725 1606 782 1655 δὲ
804 1606 961 1666 καλὴν
990 1607 1146 1672 φάτιν
1170 1608 1268 1659 οὐκ
1302 1609 1381 1661 ἐπὶ
1402 1612 1543 1663 καλὰ

211 1702 408 1772 Ἔργα,
445 1700 729 1768 γυναικεῖον
767 1702 809 1750 δ’
845 1701 1059 1772 ἔτραπεν
1094 1703 1159 1761 εἰς
1192 1704 1440 1768 πόλεμον·

152 1797 406 1867 Πιερίδες,
445 1798 496 1845 τί
528 1798 739 1867 κόρησιν
778 1794 859 1861 ἐφ’
897 1794 1174 1866 ὑβριςῆρας
1221 1797 1441 1861 ἰάμβους

218 1890 484 1964 'Eveniat'
515 1890 627 1956 οὐχ
663 1890 798 1959 ὁσίῳ
837 1889 985 1958 φωτὶ
1016 1889 1393 1963 χαριζόμεναι;

152 2108 381 2151 Iuramus
419 2103 552 2150 Ditis
589 2103 813 2150 dextram
846 2103 1148 2169 nigrumque
1182 2101 1430 2154 nefandae

220 2200 586 2262 Persephones,
622 2214 716 2245 nos
752 2199 872 2245 haec
907 2197 1066 2245 dicere
1099 2214 1238 2255 vera,
1275 2208 1470 2246 torum:

154 2300 327 2342 Castae
348 2294 620 2359 migrantes
652 2305 702 2340 et
723 2294 785 2340 ad
820 2308 991 2341 orcum
1026 2292 1329 2350 mansimus,
1362 2291 1419 2339 in
1445 2310 1541 2341 nos

220 2390 520 2438 Archilocho
554 2388 781 2452 quamvis
822 2388 984 2435 multa
1015 2398 1251 2434 vomente
1283 2388 1480 2450 probra.

158 2489 223 2532 At
253 2502 372 2532 vero
407 2485 449 2532 is
484 2486 692 2548 pulchra
729 2482 863 2530 fama
897 2484 1028 2531 male
1064 2482 1294 2530 carminis
1331 2499 1452 2530 usus

224 2579 468 2644 virgineis
503 2581 665 2627 movit
697 2579 903 2626 barbara
939 2579 1072 2626 bella
1107 2577 1286 2625 choris.

158 2676 259 2720 Cur
291 2674 346 2719 in
382 2691 466 2723 eos
502 2676 659 2724 saevis
692 2675 864 2723 faciles
901 2674 1126 2721 armastis
1160 2671 1355 2730 iambis,

223 2772 416 2826 Musae,
444 2772 580 2819 haud
602 2783 858 2819 curantem
882 2769 1057 2833 fasque
1079 2767 1322 2830 nefasque
1346 2761 1546 2812 virum?
