1846 3308
683 311 749 321 -.
826 295 919 343 155
959 314 1057 332 „—

266 422 493 463 Scholiast.
514 423 721 476 Apolloni
750 422 922 464 Rhodii>
945 425 993 463 1..
1022 424 1055 464 1.
1085 439 1124 465 V.
1155 429 1244 479 824.
1273 423 1572 482 Θεσσὰμενοι·

168 488 250 546 Ἐξ
279 496 490 553 αἰτήσεως
519 496 842 551 ἀναλαβόντες,
886 496 1157 552 αἰτήσαντες.
1204 501 1369 544 θέσθαι
1398 502 1485 561 γὰρ
1514 503 1568 547 τό

170 574 346 629 αἰτῆσαι
377 574 451 618 καὶ
478 575 710 619 ἱκετεῦσαι.
750 573 824 618 καὶ
850 574 1075 626 Ἡσίοδος·
1112 575 1385 634 Θεσσάμευος
1416 581 1568 637 ’γενεὴν

169 651 423 697 Κλεοδαίου
448 650 723 709 κυδαλίμοιο.
749 652 825 697 καὶ
846 652 1144 712 ’Δρχίλοχος·
1166 654 1333 698 Πολλὰ
1353 656 1388 698 δ’
1412 673 1453 699 κ.
1466 674 1506 701 τ.
1519 658 1566 702 λ.

268 751 319 791 Ἐ
332 753 361 793 ὕ
371 748 639 806 πλοΐμου.
710 757 780 795 Sic
813 768 894 807 pro
931 745 1224 809 εὐπλοκάμου
1259 760 1569 811 reponendum

173 831 346 875 censui,
388 827 503 881 quod
521 831 568 867 in
591 827 821 867 scholiaste
846 838 932 876 est,
969 839 1012 869 et
1029 833 1137 869 mari
1163 830 1287 871 nullo
1307 832 1443 871 modo
1463 847 1568 873 con-

170 908 319 946 venire
336 915 502 958 potest:
530 894 770 958 εύπλόϊμος
789 920 919 955 vero,
946 910 1057 946 sicut
1080 902 1296 960 πλόΐμος,
1326 920 1475 962 aptum
1503 921 1568 951 est

171 980 398 1034 epitheton
417 986 557 1024 maris.
580 983 766 1039 Hesych.
794 973 1077 1038 Εύπλόΐμος·
1104 977 1349 1033 εὕπλωτος.

263 1071 476 1128 Πολιῆς
532 1070 665 1123 ἁλὸς
720 1069 772 1117 ὲν
820 1069 1152 1127 πελάγεσσι.
1222 1080 1332 1119 Cum
1370 1078 1577 1118 Homero·

169 1154 453 1195 Archilochus
472 1158 689 1194 consentit
705 1154 755 1194 Il.
776 1166 808 1194 ε.
829 1161 919 1201 333.
954 1149 1047 1194 Νῦν
1080 1150 1115 1193 δ’
1144 1150 1280 1203 ἁλὸς
1315 1150 1367 1193 ἐν
1406 1149 1570 1194 πελά-

170 1241 332 1284 γεσσι
378 1227 498 1271 θεῶν
531 1222 579 1278 ἐξ
618 1224 783 1285 ἔμμορε
811 1229 971 1285 ‘Rufii-¹
1014 1231 1213 1287 Aeschyl.
1244 1233 1360 1272 Pers.
1380 1237 1469 1284 425.
1497 1245 1570 1272 πε·

170 1303 336 1362 λαγὶαν
378 1303 494 1353 ἅλα.
543 1320 587 1351 et
621 1311 768 1363 Eurip.
808 1310 1020 1349 Androm.
1057 1323 1167 1350 1012.
1206 1303 1336 1349 ἅλιον
1373 1304 1571 1362 πέλαγος

170 1398 310 1428 vocat.
323 1382 488 1434 Πολιός
511 1391 639 1427 etiam
657 1387 762 1426 inde
780 1390 865 1426 iam
887 1386 940 1427 ab
955 1388 1143 1427 Homero
1161 1397 1422 1440 perpetuum
1441 1392 1569 1429 maris

174 1464 416 1524 epitheton.
468 1465 590 1505 Iliad.
614 1477 656 1502 α.
684 1479 722 1504 ν.
743 1470 832 1511 350.
855 1464 934 1503 ubi
952 1463 1167 1504 scholiast.
1197 1465 1383 1516 explicat
1408 1459 1571 1518 λευκῆς

174 1538 245 1582 διὰ
273 1537 352 1582 τὸν
382 1538 553 1597 ἀφρόν,
588 1546 664 1597 qui
685 1553 727 1583 et
744 1546 836 1597 ipse
859 1535 1014 1588 πολιὸς
1033 1540 1201 1579 dicitur.
1225 1540 1412 1594 Philipp.
1432 1542 1570 1583 Thes-

107 1604 117 1614 *
173 1616 313 1657 salon.
343 1618 478 1670 epigr.
498 1623 537 1663 3.
574 1617 625 1656 T.
644 1617 697 1656 H.
726 1631 769 1669 p.
790 1616 878 1656 226.
941 1612 1191 1655 Callimach.
1219 1613 1366 1668 hymn.
1392 1618 1440 1657 in
1467 1616 1569 1656 Del.
1636 1652 1638 1654 .

172 1708 213 1735 v.
234 1699 295 1747 14.
344 1695 522 1734 Homer.
541 1694 590 1734 11.
607 1690 661 1744 φ.
684 1708 722 1734 v.
741 1700 805 1741 53.
832 1688 992 1740 πόντος
1016 1686 1125 1738 ἁλὸς
1153 1683 1323 1744 πολιῆς.
1367 1690 1569 1747 Theogn-

172 1786 214 1812 v.
236 1786 296 1812 ιο.
322 1767 528 1826 Γὴθησεν
560 1767 605 1811 δὲ
630 1766 777 1821 βαθὺς
806 1766 965 1818 πόντος
989 1763 1099 1816 ἁλὸς
1128 1765 1298 1821 πολιῆς.

274 1859 312 1901 Θ
324 1875 343 1902 ε
355 1859 529 1914 σσὰμε
541 1872 596 1901 νο
610 1874 636 1899 ι.
672 1863 763 1902 Iam
780 1875 909 1914 supra
928 1877 952 1900 a
969 1858 1200 1899 scholia'ste
1209 1858 1411 1912 Apollon.
1423 1859 1568 1900 Rhod.

176 1936 448 1989 explicatum.
508 1939 636 1979 Adde
659 1939 945 1994 Hesychium:
980 1931 1253 1978 Θέσσεσθαι·
1294 1933 1460 1983 αἰτεῖν,
1492 1949 1573 1977 κα-

174 2010 369 2066 θῆσθαι,
420 2009 641 2058 ἱκετεύειν.
689 2013 914 2059 Θὲσσαντο
928 2027 940 2038 ·
991 2009 1233 2056 ἱκέτευσαν.
1272 2012 1542 2069 Θεσσόμενος
1556 2027 1569 2038 ·

176 2086 406 2146 δεόμενος,“
434 2088 724 2148 ζητούμενος,
775 2084 995 2133 ἱκετεύων.
1024 2092 1082 2132 ad
1110 2107 1223 2146 quae
1253 2093 1352 2133 vide
1371 2094 1565 2146 Interpp.

174 2170 284 2210 Item
310 2166 581 2223 Θησὰμενοι·
614 2166 911 2224 αἰτησάμενοι.
935 2167 1114 2225 Κρῆτες.
1166 2171 1395 2222 Antipater
1412 2171 1564 2210 Sidon.

178 2252 425 2304 epigramm.
448 2258 533 2298 103.
560 2266 599 2291 v.
617 2257 655 2298 5.
683 2247 877 2304 Νόςιμον
907 2240 1117 2299 εὐπλοΐην
1147 2242 1289 2301 expavi
1317 2259 1394 2294 τις.

207 2332 214 2336 ‘
276 2338 396 2379 Inter
415 2340 656 2395 fragmenta
674 2354 776 2380 vero
798 2339 1032 2397 elegiarum
1051 2335 1159 2376 haec
1176 2338 1325 2388 posui,
1353 2341 1444 2374 tum·
1465 2336 1568 2387 quia

179 2409 327 2450 ultima
344 2411 475 2452 verba
488 2406 616 2453 facile
633 2414 830 2454 indicant
843 2413 1104 2466 pentametri
1119 2412 1307 2457 initium,
1327 2418 1418 2447 tum
1439 2410 1567 2447 etiam

181 2485 282 2534 quia
301 2483 601 2524 Archilochum
634 2489 759 2537 epico
788 2499 914 2525 versu
934 2487 1145 2524 continuo
1174 2485 1391 2535 scripsisse
1422 2490 1570 2520 aucto-

178 2567 365 2595 resrnon
390 2569 646 2598 memorant.
715 2560 827 2598 Nam
856 2556 1180 2609 Nicephorum,
1217 2558 1293 2608 qui
1320 2568 1398 2593 sua
1431 2562 1573 2591 aetate

182 2626 486 2668 Archilochum
500 2633 640 2682 ipsum
656 2634 742 2670 iarn
760 2644 853 2671 non
866 2630 989 2684 legit,
1010 2643 1061 2668 ea
1078 2632 1124 2668 in
1140 2642 1188 2667 re
1209 2628 1442 2677 deceptum
1463 2638 1574 2672 esse,

181 2715 311 2754 supra
341 2703 527 2742 ostendi.
554 2705 665 2754 (vid.
685 2707 744 2743 -in
770 2705 1064 2744 Commentar.
1089 2704 1126 2753 §.
1143 2701 1288 2750 XIX.)
1316 2699 1473 2750 Neque
1494 2696 1577 2735 du-

184 2774 275 2815 bito
283 2803 313 2826 ,.
337 2772 421 2814 hoc
439 2775 752 2829 fragmentum,
789 2779 900 2817 sicut
916 2779 1044 2814 etIam
1065 2771 1397 2826 praecedentia,
1431 2779 1576 2821 partes
