1846 3308
807 263 1184 314 ...103-

394 396 448 435 V.
470 396 507 436 6.
542 390 855 448 χαρτοῖσίν
906 399 979 436 τέ.
1055 396 1125 436 Sic
1161 396 1285 436 Grot.
1331 406 1375 436 et
1415 397 1600 439 Brunck.
1638 420 1688 429 -

294 471 506 528 Χαρτοῖσί
532 486 581 513 τε
609 474 800 522 Gesner,
830 478 904 528 qui
937 477 1065 514 etiam
1092 465 1308 527 ἅσχαλλε
1336 486 1487 515 contra
1503 488 1688 518 metrum

295 551 439 591 habet.
479 553 531 592 In
566 554 657 592 MS.
697 553 839 592 Grotii
875 545 1130 605 αἴσχαλλε,
1175 567 1255 604 pro
1295 566 1379 606 quo
1405 557 1532 593 metri
1561 569 1686 602 causa

295 625 486 682 ἂσχὰλα
514 631 567 670 ab
587 634 683 683 ipso
704 635 956 682 repositum.
1004 633 1074 671 Sic
1095 642 1136 671 et
1156 632 1371 672 Homerus
1397 632 1447 671 Il.
1467 627 1514 679 β
1542 646 1579 670 v.
1598 646 1684 684 297.

294 711 448 765 Odyss.
477 722 516 748 τ.
545 725 583 749 v.
609 723 667 762 19.
694 703 936 761 ’Δσχαλὰα
981 704 1026 747 δὲ
1067 703 1167 756 πάϊς
1200 706 1355 759 βίοτον
1395 704 1684 749 κατεδόντων.

292 784 499 825 Moschus
520 783 644 837 Idyll.
667 783 740 822 IV.
767 797 806 821 v.
826 796 900 834 70,
928 796 990 834 71.

392 888 445 926 V.
468 901 505 938 7.
539 881 778 938 Ῥυθμὸς
813 887 981 928 Gesner
1013 892 1061 929 in
1088 891 1283 942 margine
1317 888 1471 935 haben
1507 891 1554 928 in
1582 903 1687 929 con·

292 975 411 1005 textu
440 980 542 1006 vero
571 960 755 1019 ῥυσμὸς,
794 979 906 1019 quae
934 975 1079 1006 tamen
1106 980 1187 1004 vox
1208 965 1333 1006 huius
1357 967 1444 1006 loci
1477 981 1567 1007 esse
1592 982 1686 1008 non

294 1049 436 1092 potest
449 1067 460 1086 ,
495 1039 678 1078 formam
699 1038 766 1077 vel
784 1038 963 1091 figuram
981 1039 1246 1093 significans,
1278 1039 1495 1081 Abderitis
1513 1045 1687 1094 propria

292 1127 335 1155 et
371 1117 626 1156 Democrito
665 1126 883 1169 usurpata.
956 1104 1108 1158 Suides
1135 1131 1181 1156 ν.
1210 1113 1384 1172 ῥυσμός.
1421 1119 1606 1174 Hesych.
1645 1133 1684 1159 v.

288 1189 647 1246 ἂμειψιρυσμεῖν.
662 1189 856 1244 Ῥυθμὸς
875 1205 1019 1234 autern
1037 1205 1100 1235 est
1117 1190 1278 1238 κανὼν,
1307 1190 1481 1250 μέτρον,
1510 1191 1685 1247 τρόπος,

290 1281 403 1319 quae
422 1270 638 1319 posterior
658 1267 914 1322 significatio
935 1271 1098 1321 optime
1119 1267 1204 1308 huc
1223 1270 1338 1309 facit.
1380 1270 1486 1309 Eam
1502 1271 1687 1310 illustrat

287 1347 441 1388 Iacobs
475 1348 671 1401 exemplo
704 1361 754 1386 ex
780 1348 1071 1387 Anacreonte.
1123 1349 1308 1404 Etymol.
1331 1349 1393 1388 M.
1421 1363 1459 1388 v,
1489 1345 1683 1401 ἂβακὴς·

287 1422 442 1465 Μισέω
482 1421 515 1463 δ’
551 1419 695 1478 ἔγωγε
731 1420 923 1471 πάντας,
970 1419 1012 1465 οἳ
1054 1422 1268 1478 χθονίους
1301 1408 1538 1477 (σκολιοὺς
1572 1428 1683 1480 Iac.)

288 1498 446 1558 ἔχουσι
476 1499 685 1560 ῥυθμούς.
747 1505 873 1546 Adde
900 1505 1097 1561 Theogn.
1127 1520 1163 1545 v.
1186 1511 1258 1558 941
1292 1516 1334 1546 et
1357 1510 1432 1558 42,
1482 1510 1556 1559 qui
1587 1521 1683 1546 curn

287 1579 448 1636 τρόπος
483 1586 732 1637 coniungit:
780 1579 856 1636 Μή
903 1578 1001 1623 ποτ’
1049 1578 1301 1635 ἐπαινήσης,
1346 1579 1443 1637 πρὶν
1493 1577 1547 1622 ἂν
1596 1578 1682 1637 ἴδῃς

284 1654 422 1715 ἄνδρα
466 1657 698 1714 σαφηνῶς,
757 1655 920 1713 Ὀργὴν
963 1658 1037 1701 καὶ
1079 1656 1250 1717 ῥυθμὸν
1292 1656 1366 1700 καὶ
1407 1658 1568 1716 τρόπον
1598 1656 1683 1711 ὅςις

286 1733 342 1778 ἂν
373 1727 412 1792 ἦ.
460 1741 589 1780 Unde
616 1734 987 1794 μεταῤῥυθμίζειν
1017 1741 1071 1780 de
1090 1744 1245 1780 mentis
1270 1752 1313 1780 et
1331 1755 1502 1781 morum
1525 1743 1684 1783 forma-

285 1822 409 1857 tione
444 1816 613 1856 dicitur.
674 1817 863 1871 Meleag.
895 1820 1028 1872 epigr.
1051 1818 1146 1857 XII.
1189 1814 1362 1870 φρενῶν
1397 1814 1571 1871 πνεῦμα
1610 1833 1682 1871 με·

284 1889 589 1950 ταρῥυθμίσας
609 1886 758 1942 Ἵλαος
789 1889 983 1935 πλάσσοι
1013 1889 1091 1933 τὸν
1123 1892 1226 1949 ἐμὸν
1257 1893 1433 1949 τρόπον.
1485 1899 1681 1953 Euripidi

283 1967 453 2028 ῥυθμὸς
487 1973 606 2013 idem
642 1987 692 2013 ac
721 1969 904 2024 τρόπος,
942 1974 1128 2023 modus,
1176 1985 1251 2015 est.
1285 1976 1441 2016 Electr.
1471 1990 1558 2030 772.
1594 1973 1679 2016 τίνι

282 2046 445 2106 ῥυθμῷ
472 2047 612 2103 φόνου
641 2046 813 2089 Κτείνει
845 2046 1011 2100 Θυὲςου
1041 2048 1190 2090 παῖδα.

383 2153 443 2191 Ex
465 2151 549 2192 hoc
568 2153 811 2207 fragmento
836 2152 950 2191 doct.
971 2152 1122 2192 Iacobs
1143 2167 1333 2205 expressa
1352 2164 1474 2205 putat
1491 2154 1566 2194 illa
1587 2155 1679 2195 Ho-

282 2229 381 2266 ratii
408 2227 455 2263 L.
474 2226 526 2264 II.
556 2225 639 2264 Od.
660 2233 721 2272 3.:
749 2226 948 2277 Aequam
968 2236 1189 2266 memento
1211 2225 1339 2265 rebus
1360 2230 1405 2265 in
1431 2228 1572 2267 arduis
1591 2241 1693 2269 ser-.

281 2312 382 2339 vare
402 2309 593 2338 mentem
615 2308 696 2336 etc.
749 2298 836 2336 Sed
858 2296 967 2336 haec
984 2301 1198 2337 sententia
1219 2298 1274 2337 de
1292 2299 1466 2338 fortuna
1484 2301 1677 2339 secunda

284 2381 329 2410 et
356 2370 534 2410 adversa
565 2370 789 2409 moderate
818 2370 1230 2422 ferendapluribus
1269 2371 1516 2412 auctoribus
1558 2387 1676 2413 com-

280 2449 422 2486 munis
467 2456 544 2486 est.
573 2446 774 2501 Theogn.
811 2447 899 2493 665.
934 2442 1083 2501 Μηδὲν
1116 2440 1232 2499 ἄγαν
1262 2442 1530 2502 χαλεποῖσιν
1579 2446 1674 2490 ἂσῶ

280 2520 446 2579 φρένα,
474 2519 571 2578 μηδ’
594 2520 805 2576 ἀγαθοῖσι
825 2520 973 2579 Χαῖρ’,
1002 2520 1092 2565 ἐπεὶ
1109 2518 1165 2573 ἔξ
1186 2521 1333 2581 ἀνδρὸς
1353 2522 1501 2567 πάντα
1523 2524 1674 2581 φέρειν

280 2598 473 2655 ἀγαθοῦ.
508 2604 684 2644 Isocrat.
721 2604 777 2643 ad
802 2604 1033 2643 Demonic.
1082 2599 1251 2657 Νόμκε
1289 2599 1422 2659 μηδὲν
1461 2602 1552 2645 τῶν
1602 2601 1673 2644 ἂν·

278 2679 511 2737 egam-ivm
542 2677 746 2731 βέβαιον.
786 2674 904 2721 οὕτω
935 2676 1019 2734 γὰρ
1049 2672 1354 2737 οὕτέὒτυχῶν
1385 2678 1459 2737 ἔσῃ
1490 2696 1672 2740 περιχα-

279 2756 373 2815 ρὴς,
413 2752 517 2801 οὕτε
544 2755 749 2816 δυςυχῶν
779 2754 1027 2814 περίλυπος.
1054 2760 1272 2801 'l'heobuL
1298 2764 1414 2816 apud
1435 2763 1672 2804 stobaeum
