1846 3308
642 298 1037 340 ..107-

105 453 113 458 ,
146 425 230 465 Vel
246 429 375 465 etiam
392 416 526 462 ’'Ava
564 417 641 465 δὲ,
666 430 716 460 ut
736 421 950 460 Homerus
974 412 1103 456 Ἀλλ’
1135 410 1221 456 ἄνα
1234 419 1289 459 ad
1308 418 1537 460 exhortan—

147 503 251 542 dum
280 501 459 548 adhibet
485 501 535 540 11.
565 514 592 538 ι.
625 512 664 538 v.
698 503 784 548 247,
825 496 978 550 Odyss.
1006 506 1046 534 σ.
1085 504 1145 543 13.
1185 498 1334 549 Eurip.
1362 492 1536 550 Τρωάδ.
1620 486 1627 493 ”

145 594 185 619 v.
205 586 270 632 98.
288 571 402 617 ''Ava
431 572 701 629 δυσδαίμων,
737 568 924 613 πεδόθεν
954 567 1161 624 κεφαλὴν
1194 568 1375 630 ἐπάειρε.
1593 586 1613 623 j

245 656 299 695 V.
319 663 359 703 3.
386 652 467 692 Ἐν
506 649 757 692 δοκοῖσιν
781 662 862 706 pro
891 646 1047 698 δοκοῖς,
1087 652 1208 705 quod
1227 656 1274 691 in
1292 663 1409 692 textu
1430 655 1540 695 Ges·
1562 668 1564 671 ·

146 737 243 775 neri
253 762 269 782 ,
306 744 351 774 et
365 747 447 786 pro
475 727 687 778 δόκοισιν,
728 730 851 784 quod
875 732 924 772 in
954 734 1150 785 margine
1177 741 1264 781 est,
1298 735 1485 784 primum
1515 748 1542 774 a

148 807 305 848 Grotio
330 809 566 859 repositum
591 819 634 857 p.
656 804 745 850 526.

243 886 296 924 V.
314 889 352 937 4.
400 877 701 934 ἀσφαλέως
747 882 927 923 Gesner.
968 882 1114 922 Ceteri
1150 876 1383 935 ἀσφαλῶς.
1450 884 1538 924 Sed

147 957 258 998 illud
294 957 473 998 Ionicae
512 956 687 996 dialecti
723 965 809 1004 est,
866 969 952 1009 qua
994 970 1096 996 usus
1142 966 1209 996 est
1239 956 1538 998 Archilochus.

148 1029 389 1085 ἀσφαλέως
423 1029 690 1083 καταςαθεὶς
719 1028 862 1072 ειύῑοηι
883 1036 918 1072 is
949 1032 1129 1081 dicitur,
1158 1036 1233 1086 qui
1252 1034 1308 1073 ad
1325 1039 1541 1075 sustinen-

149 1107 253 1147 dum
271 1106 340 1148 vel
358 1108 608 1148 faciendum
625 1111 834 1159 impetum
856 1108 1118 1158 compositus
1137 1105 1261 1145 firmo
1280 1107 1418 1161 gradu
1437 1122 1543 1148 con-

147 1188 269 1235 sistit,
297 1184 341 1225 et
359 1188 563 1226 convenit
582 1198 679 1223 cum
701 1185 932 1223 Homerico
960 1170 1011 1223 εὖ
1041 1177 1210 1231 διαβὰς,
1238 1193 1370 1237 atque
1391 1185 1444 1224 ab
1463 1187 1542 1226 Ar..

149 1261 349 1303 chilocho
380 1266 508 1302 etiam
534 1255 643 1314 μάλ’
673 1247 723 1299 εὖ
750 1255 957 1315 βεβηκὼς
981 1262 1131 1314 fragm.
1148 1268 1211 1307 52.
1234 1271 1276 1300 et
1302 1256 1544 1313 ἀσφαλέως

147 1335 353 1393 βεβηκὼς
375 1342 427 1379 fr.
447 1347 511 1388 53.
534 1340 702 1379 dicitur.
722 1339 932 1393 Tyrtaeus
953 1338 1073 1393 Eleg.
1094 1339 1127 1378 Ι.
1146 1332 1293 1376 Ἀλλά
1317 1351 1382 1386 τις
1410 1327 1460 1381 εὖ
1487 1337 1545 1380 δι·

149 1412 262 1466 αβὰς
294 1414 461 1470 μενέτω
489 1411 615 1456 ποσὶν
646 1411 939 1468 ἀμφοτέροισι
961 1412 1251 1468 Στηριχθείς,
1278 1420 1307 1457 i.
1329 1433 1367 1459 e.
1398 1415 1543 1471 ἂσφα·

150 1489 262 1543 λὲως
297 1491 576 1544 καταςαθείς.
602 1495 702 1534 vide
727 1494 867 1540 Klotz.
894 1508 936 1547 p.
966 1508 1030 1546 70.
1060 1504 1103 1533 et
1127 1507 1191 1544 71.

248 1568 395 1626 ’Δμφ
411 1569 554 1625 ἅδην.
616 1572 748 1611 Gesn.
779 1575 826 1610 in
851 1574 1046 1626 margine
1071 1565 1289 1624 ἐμφάδιμ.
1327 1574 1545 1615 Homerus

151 1645 362 1703 ἂμφαδὸν
387 1661 568 1704 usurpat
592 1650 641 1690 ΙΙ.
663 1662 690 1688 ι.
726 1663 765 1689 v.
783 1650 882 1702 369,
919 1663 983 1702 70.
1010 1644 1079 1701 τῷ
1106 1641 1235 1688 πάντ’
1262 1645 1543 1704 ἀγορευέμεν,

152 1722 210 1776 ὡς
238 1723 485 1772 ἐπιτέλλω,
520 1722 767 1782 ’Δμφαδόν.

248 1805 303 1844 V.
321 1811 358 1851 5.
396 1799 448 1844 ἐν
476 1798 610 1856 οἴκῳ
641 1801 977 1845 καταπεσὼν
1008 1801 1215 1860 ὀδύρεο.
1265 1806 1452 1862 Elegans
1481 1818 1545 1848 est

158 1886 370 1924 correctio
403 1883 560 1940 Ilgenii
604 1878 647 1921 ἐν
687 1875 823 1935 οἴκτῳ
857 1883 1065 1938 legentis;
1101 1887 1363 1924 sententiam
1398 1895 1546 1925 tamen

152 1964 258 2001 satis-
291 1960 564 2002 commodam
591 1955 635 1999 ἐν
682 1953 787 2011 οἴκῳ
817 1960 971 2010 efficit,
1017 1961 1140 2014 quod
1169 1964 1304 2015 priori
1331 1956 1544 2015 ,ἂμφάδην

154 2036 408 2086 opponitur.
443 2033 562 2071 Sicut
578 2035 781 2073 nimirum
800 2037 855 2082 ei,
882 2036 958 2087 qui
974 2047 1180 2087 prospera
1200 2035 1377 2079 fortuna
1394 2038 1543 2083 utitur,

152 2107 297 2160 palam
324 2105 601 2159 gloriandum
628 2115 671 2144 et
694 2096 947 2146 laetandum
973 2118 1068 2147 non
1094 2118 1178 2155 est,
1215 2110 1276 2147 ita
1305 2120 1404 2145 eum
1437 2121 1547 2160 quo-

133 2180 267 2233 ‘que‚
296 2182 370 2231 qui
397 2177 528 2218 rebus
557 2178 742 2218 adversis
771 2193 1000 2232 oppressus
1030 2189 1115 2227 est,
1149 2193 1243 2219 non
1272 2179 1399 2218 decet
1427 2179 1546 2218 domi

141 2253 369 2300 jnclusum
415 2262 460 2292 et
502 2255 761 2293 consortium
798 2251 1018 2291 hominum
1059 2253 1302 2306 fugientem
1337 2251 1547 2306 humique

153 2339 415 2382 prostratum
431 2329 661 2369 lamentari
690 2339 733 2368 et
749 2329 871 2368 luctu
892 2327 1061 2368 confici.
1120 2328 1398 2381 Aristophan.
1426 2327 1546 2381 Νεφ.

161 2400 398 2446 126.1'An'
426 2395 516 2447 οὐδ’
539 2402 627 2460 ἐγὼ
651 2403 803 2459 μέντοι
832 2401 975 2445 πεσών
1005 2417 1058 2458 γε
1079 2401 1296 2458 κείσομαι,
1322 2410 1352 2447 i.
1373 2421 1410 2447 e.
1440 2403 1547 2447 ἄθυ-

158 2478 297 2535 μὴσω.
357 2484 427 2523 Sic
452 2488 582 2531 etiam
608 2484 760 2539 fragm.
784 2496 846 2523 22.
866 2497 966 2532 eos,
1004 2487 1080 2537 qm·
1099 2488 1265 2538 magnis
1297 2484 1548 2524 calamitati-

159 2559 239 2599 bus
253 2560 430 2601 obnoxii
446 2571 562 2611 sunt,
581 2571 716 2614 poeta
732 2560 836 2600 dicit
855 2555 1041 2614 μελαίνῃ
1063 2558 1287 2615 κειμένους
1306 2557 1374 2601 ἐπὶ
1392 2557 1546 2613 χθονί.

261 2631 623 2678 Καταπεσῶν.
680 2639 726 2678 Si
755 2640 850 2691 quis
878 2638 1070 2678 iambum
1089 2639 1275 2688 mavult,
1311 2632 1549 2677 κατι-πεσὼν

163 2712 343 2751 Homeri
378 2713 574 2765 exemplo
610 2713 864 2756 defenditur
898 2715 965 2767 11..
987 2726 1025 2755 ν.
1060 2729 1101 2756 v.
1137 2722 1227 2762 550.
1271 2710 1314 2755 ἐν
1357 2712 1549 2769 κονίῃσιν

159 2784 395 2833 κάππεσεν,
