1846 3308
271 420 546 476 rhythmique
587 420 899 458 consecutione
935 424 1086 463 enata,
1129 414 1231 452 dum
1269 414 1460 452 animum
1499 422 1660 461 movet,

273 497 400 537 simul
418 497 592 548 placere
617 497 776 545 possit,
813 506 907 532 non
924 491 1068 531 video.
1129 491 1199 529 An
1225 490 1338 529 forte
1358 503 1438 541 per
1463 501 1666 542 παρακα-

275 569 476 626 ταλογὴν
510 572 587 611 illa
620 574 803 610 mutatio
840 580 883 609 et
919 572 1100 610 varietas
1136 568 1424 621 intelligenda
1457 553 1585 608 sitin
1614 583 1662 609 re

274 650 460 696 musica,
499 658 586 698 qua
615 654 762 683 cantus
792 657 842 682 ex
859 656 950 682 uno
973 655 1135 696 genere
1156 641 1211 680 ad
1232 641 1374 688 aliud,
1412 641 1482 680 vel
1512 654 1562 680 ex
1580 640 1666 682 hoc

275 720 407 761 modo
436 718 493 759 ad
528 718 652 757 illum
680 719 857 765 transit,
903 724 1070 754 mutato
1100 714 1232 752 simul
1267 713 1455 768 rhythmi
1487 727 1664 768 genere,

278 794 434 849 quibus
461 793 751 832 mutationum
781 789 1016 843 generibus
1044 797 1211 826 veteres
1242 790 1289 825 in
1318 788 1545 827 movendis
1576 791 1668 826 ani-

277 871 357 907 mis
383 876 551 906 tantum
581 861 800 902 efficaciae
821 859 1150 912 tribuebant?d)
1186 870 1235 899 ut
1252 859 1364 898 adeo
1389 858 1669 899 Archilochus

278 943 440 994 primus
470 939 703 976 instituerit
731 949 878 988 neque
905 934 1062 974 eodem
1090 947 1251 988 genere
1279 947 1363 973 nec
1389 933 1549 981 modo,
1586 947 1670 972 nec

282 1012 435 1052 eadem
462 1007 650 1064 rhythmi
679 1011 991 1048 consecutione
1021 1017 1065 1046 et
1083 1017 1207 1046 motu
1227 1009 1315 1055 uti,
1351 1006 1429 1045 sed
1456 1009 1672 1045 transierit

281 1088 330 1124 in
354 1084 460 1132 alla,
500 1095 640 1135 eaque
666 1084 908 1128 miscuerit;
945 1081 993 1120 id
1016 1079 1139 1134 quod
1162 1079 1322 1117 deinde
1342 1089 1522 1131 propter
1542 1078 1674 1119 vehe-

280 1160 543 1197 mentiorem
570 1159 617 1194 in
641 1159 791 1195 animis
821 1154 1024 1194 affectum
1044 1155 1174 1192 etiam
1202 1155 1366 1206 tragico
1390 1161 1431 1190 et
1449 1151 1671 1204 pathetico

280 1231 518 1282 praecipue
547 1238 695 1280 aptum
724 1228 965 1268 videbatur.
992 1245 994 1247 ·
1025 1226 1189 1265 Verum
1219 1235 1263 1264 et
1293 1223 1402 1264 haec
1420 1225 1674 1266 Plutarchus

280 1306 427 1355 potius
448 1301 719 1355 Sacadae,0)
754 1312 846 1342 tum
869 1303 997 1339 'etiam
1016 1297 1296 1351 Sapphonif)
1331 1298 1505 1349 tribuit,
1545 1308 1677 1353 quam

282 1373 431 1418 scribit
450 1375 627 1412 mixtum
650 1374 873 1427 quoddam
893 1386 1028 1428 genus
1049 1375 1264 1412 invenisse
1287 1376 1335 1412 in
1355 1375 1502 1425 primis
1524 1371 1678 1424 pathe-

282 1450 439 1495 ticum,
481 1446 602 1499 quod
622 1447 782 1488 deinde
812 1449 963 1501 tragici
985 1445 1299 1485 adsumserunt.
1361 1446 1447 1485 Res
1480 1447 1612 1499 igitur
1630 1447 1679 1483 in

284 1523 454 1559 incerto
478 1529 565 1567 est,
596 1530 638 1558 et
655 1519 922 1560 doctioribus
944 1518 1225 1558 diiudicanda
1243 1518 1518 1571 relinquitur.

386 1604 435 1657 2)
463 1602 576 1659 Τὴν
616 1603 762 1660 παρὰ
800 1603 984 1646 ταῦτα
1024 1602 1331 1660 κροῦσιν.ἕ)
1393 1606 1678 1647 Archilochus

285 1682 492 1720 :nimirum
520 1694 615 1720 non
642 1680 775 1720 modo
812 1683 929 1720 varia
965 1679 1154 1734 rhythmi
1190 1690 1480 1720 metrorumve
1518 1694 1681 1734 genera

289 1756 547 1807 excogitavit
576 1762 618 1791 et
636 1753 840 1805 protulit:
877 1753 955 1791 sed
984 1756 1112 1791 etiam
1130 1757 1292 1805 primus
1321 1753 1534 1801 ostenffit,
1573 1766 1683 1806 quo-

287 1826 447 1875 modo,
487 1826 591 1864 dum
621 1839 671 1864 ea
702 1824 992 1874 canebantur,
1036 1828 1087 1865 iis
1123 1829 1436 1867 convenienter
1462 1826 1555 1880 lyra
1585 1825 1684 1878 pul-

289 1899 427 1939 sanda
454 1909 576 1940 esset.

382 2049 428 2093 a)
461 2046 652 2083 Plutarch.
682 2047 727 2082 T.
748 2047 797 2082 X.
830 2061 868 2096 p.
888 2048 968 2092 630.
994 2049 1038 2083 de
1059 2049 1198 2085 Music.
1225 2048 1304 2084 vid.
1330 2049 1365 2093 ᾖ.
1382 2049 1488 2087 XIV.
1509 2063 1541 2084 a.
1561 2051 1610 2093 c).

386 2125 438 2170 b)
478 2125 697 2162 Aristotelis
729 2126 844 2163 verba
879 2137 984 2162 sunt:
1021 2129 1078 2163 διὰ
1107 2129 1144 2164 τί
1178 2131 1196 2173 ἠ
1229 2128 1511 2175 παρακαταλογῆ
1542 2128 1575 2164 ἐν
1608 2130 1686 2170 ταῖς

295 2192 402 2240 ᾠδαῖς
419 2193 614 2240 τραγικῶς
648 2192 672 2239 ἦ
693 2195 750 2230 διὰ
771 2195 833 2240 τῆν
860 2194 1086 2241 ἄνωμαλίαν;
1114 2196 1310 2240 παθητικὸν
1334 2197 1407 2245 ’γὰρ
1434 2196 1474 2232 τό
1506 2196 1687 2239 ἀνωμαλὲς

294 2260 354 2296 καὶ
376 2262 408 2297 ἐν
430 2264 577 2308 μεγέθει
596 2259 714 2308 τύχης
734 2260 759 2307 ἧ
777 2262 909 2308 λύπης·
940 2264 980 2299 τὸ
1008 2264 1044 2299 δὲ
1078 2264 1204 2309 ὁμαλὲς
1228 2260 1383 2300 ἔλατ-τοι)
1400 2266 1545 2310 Ύοῶδες.
1591 2264 1688 2298 Gaza

293 2327 413 2363 vertit
434 2329 657 2363 varietatem
677 2339 712 2363 et
732 2329 999 2368 mutationem.

392 2409 438 2453 c)
470 2409 626 2442 Burette
661 2408 706 2444 T.
731 2408 780 2444 X.
816 2395 1031 2446 Comment.
1059 2408 1174 2445 Acad.
1200 2410 1377 2458 Inscript.
1405 2410 1521 2446 Paris.
1549 2422 1588 2458 p.
1609 2419 1689 2445 112.

299 2483 337 2510 et
359 2486 439 2523 seq.

386 2551 436 2597 d)
469 2553 626 2598 Burney
645 2551 688 2586 in
710 2561 867 2588 tractatu
889 2555 935 2590 de
956 2556 1095 2591 Music.
1116 2557 1244 2594 Veter.
1264 2557 1359 2594 Sect.
1378 2558 1447 2595 IV.

393 2632 437 2675 e)
471 2629 659 2668 Plutarch.
684 2631 711 2669 l.
731 2645 762 2668 c.
788 2646 825 2680 p.
845 2631 923 2677 683.

388 2708 430 2754 f)
463 2709 569 2744 Idem
593 2709 619 2744 l.
643 2722 674 2746 e.
699 2723 736 2758 p.
757 2710 835 2746 666.

391 2790 443 2834 g)
473 2787 578 2822 Idem
596 2802 633 2837 p.
654 2789 733 2833 630.
