1846 3308
837 323 900 333 --
969 314 1068 344 222
1139 324 1207 336 ⁸-

949 436 1094 480 CXII.

543 532 736 604 Ὀρέων
777 529 1122 596 ἁπεςύπαζον.

541 702 604 749 In
646 700 907 748 montibus
952 700 1146 764 stipites
1183 701 1492 750 excidebant.

422 869 606 925 Etymol.
642 869 703 908 M.
733 882 770 908 v.
807 861 961 916 ςύπος·
1007 864 1281 922 Λυκόφρων·
1321 865 1481 923 πεύκης
1522 867 1713 923 πρέμνον

325 943 355 1003 ἢ
405 941 533 996 ςύπος
587 941 730 1000 δρυός·
776 938 983 984 καλεῖται
1030 939 1083 984 τὸ
1131 943 1319 1000 πρέμνον
1365 946 1439 1000 τῆς
1493 943 1711 1001 ἀμπέλου.

324 1027 434 1081 (leg.
469 1028 637 1076 potius:
683 1017 806 1077 δρυὸς
840 1012 970 1071 ςύπος
1008 1016 1214 1061 καλεῖται
1250 1020 1390 1076 (καὶ)
1432 1020 1483 1065 τὸ
1523 1022 1713 1079 πρέμνον

320 1116 364 1144 τ.
402 1099 472 1153 ἂ.)
513 1097 594 1153 ἀφ’
630 1090 688 1140 οιῖ
717 1094 1016 1154 Ἀρχίλοχος·
1066 1093 1160 1154 Ὀρ.
1200 1097 1274 1140 ἀπ.
1322 1100 1410 1141 πᾶν
1459 1099 1503 1142 δὲ
1543 1099 1713 1156 δένδρον

322 1175 516 1234 σκληρὸν
570 1175 644 1218 καὶ
692 1174 833 1232 ςερεόν
884 1168 1015 1227 ςύπος
1067 1173 1262 1231 λέγεται.
1318 1173 1347 1232 ἢ
1400 1175 1452 1219 τὸ
1507 1176 1713 1220 ταπεινὸν

319 1255 442 1313 παρὰ
478 1254 530 1298 τὸ
568 1252 813 1311 ςρέφεσθαι
854 1252 897 1295 ἐν
939 1250 1185 1309 συμφύτοις
1223 1253 1386 1304 τόποις.
1429 1255 1625 1312 σημαίνει
1669 1253 1714 1297 δὲ

320 1332 520 1390 ςέλεχος,
561 1330 741 1380 κλῶνα,
784 1329 975 1378 κλάδον,
1013 1331 1133 1388 παρὰ
1161 1329 1214 1373 τὸ
1245 1328 1424 1381 τύπτω,
1466 1329 1599 1388 τύπος
1638 1331 1712 1376 καὶ

320 1410 465 1465 ςύπος.
516 1414 639 1454 Idem
666 1414 980 1467 fragmentum,
1019 1414 1095 1454 sed
1123 1413 1273 1466 paullo
1301 1415 1449 1463 aliter,
1491 1419 1644 1455 citatur
1672 1430 1710 1456 v.

321 1488 573 1546 ὁροίτυπος·
599 1512 655 1521 --
684 1486 706 1530 ὁ
737 1487 779 1531 ἓν
807 1483 897 1545 ὄρει
923 1485 982 1530 τὰ
1014 1483 1140 1544 ςύπη,
1174 1484 1201 1531 ὅ
1223 1486 1281 1540 ἐςι
1307 1487 1488 1544 ςελὲχη,
1521 1491 1712 1531 κόπτων.

316 1565 616 1626 Ἀρχίλοχος·
649 1563 827 1622 Ούρὲων
848 1561 1154 1624 ἂπετύπαζον,
1181 1570 1258 1609 ubi
1277 1570 1564 1623 probabiliter
1583 1574 1712 1610 etiam

321 1640 622 1703 ἂπεςύπαζον,
649 1659 698 1687 ut
718 1662 871 1700 supra,
899 1661 923 1686 a
943 1639 1102 1693 τύπος,
1133 1640 1288 1696 ςύπος,
1319 1649 1580 1705 legendum:
1609 1663 1711 1688 nam

319 1729 491 1766 initium
513 1735 576 1766 est
595 1729 768 1774 senarii,
798 1735 886 1774 aut,
918 1727 954 1764 si
979 1713 1157 1777 Ούρέων
1177 1728 1385 1774 ionicum,
1416 1726 1538 1778 quod
1562 1725 1711 1765 Archi-

318 1797 450 1839 locho
483 1800 618 1852 magis
664 1800 890 1848 convenit,
932 1798 1224 1850 praeferatur,
1269 1801 1442 1838 initium
1476 1801 1712 1839 tetrametri

322 1874 622 1914 constituetur.

880 2174 881 2177 =
927 2147 1096 2191 CXIII.

669 2241 1020 2313 Μετέρχομαι
1057 2241 1379 2307 σύμβουλον.

675 2413 870 2473 Quaero
902 2398 1257 2456 consultorem.

416 2575 562 2617 Schol.
591 2575 648 2614 ad
676 2575 852 2616 Homer.
880 2577 1049 2617 Villois.
1079 2576 1126 2615 ΙΙ.
1145 2572 1202 2627 ψ.
1233 2591 1271 2615 ν.
1294 2587 1378 2628 199.
1409 2590 1451 2630 p.
1471 2580 1558 2621 500.
1593 2572 1708 2615 Μετ’

315 2647 510 2708 υἷ”γγελος
542 2641 650 2706 ἦλθ’
671 2648 927 2706 Ἀνὲμοισιν.
958 2649 1140 2700 ἰωνικῶς
1167 2648 1265 2691 ἀντὶ
1287 2649 1366 2692 τοῦ
1395 2646 1502 2706 πρὸς
1525 2647 1710 2702 ἀνέμους

313 2721 471 2785 ἦλθεν,
501 2727 555 2781 ὡς
585 2725 879 2785 Ἀρχίλοχος·
911 2727 1113 2784 Μετὲρχ.
1145 2725 1419 2783 σύμβουλον.
1447 2731 1522 2770 ubi
1543 2740 1591 2769 ut
1617 2730 1709 2768 Ho-

314 2808 477 2846 merico
498 2805 599 2845 loco
610 2832 625 2855 ,
663 2819 793 2857 quem
812 2804 1060 2845 scholiastes
1082 2805 1296 2845 illustrare
1314 2805 1427 2855 vult,
1463 2802 1708 2856 exemplum,
