1846 3308
671 262 1045 303 -261--

703 393 1006 439 CLXXJHV.

229 494 515 536 Callimachus
542 495 714 550 Hymno
740 488 798 537 εἷς
812 484 1023 544 ’Ἄρτεμιν
1049 490 1283 541 fabulatur,
1314 493 1549 533 Herculem

151 571 237 608 iam
273 571 322 608 in
347 568 467 609 Deos
493 567 676 608 relatum
704 564 982 605 nihilominus
1018 564 1287 616 inexplebilis
1325 565 1548 605 edacitatis
1583 578 1597 588 ²

152 657 244 684 esse
278 653 324 683 et
342 647 554 698 gurgitem
575 645 803 696 insignem.
849 631 918 678 Οὗ
941 636 1050 694 γὰρ,
1085 645 1244 695 inquit,

286 717 492 763 nuhaa-fl
509 717 782 775 ἂδηΦαγὶης·
814 715 879 761 ἔτι
902 719 942 761 οἱ
963 715 1084 776 πάρα
1104 716 1231 774 νηδὺς
1252 718 1406 777 ἐκείνη,

282 798 356 855 Τῇ
374 796 473 840 ποτ’
494 795 770 855 ἂροτριάοντι
793 795 1029 851 συνήντετο
1051 795 1357 851 Θειοδάμαυτι.

146 902 199 912 -
215 901 264 912 -
282 878 362 919 ubi
379 881 591 929 interpres
610 880 657 916 in
678 881 991 918 commentariis
1010 882 1174 932 graecis
1197 890 1387 928 annotat,
1408 878 1546 920 Thio-

148 953 396 993 damantem
424 951 556 990 fuisse
575 950 803 1004 Dryopum
821 963 982 1004 regem.
1038 952 1120 991 Cui
1139 951 1409 991 subscribere
1428 952 1549 991 vide-

148 1035 218 1065 tur
237 1035 281 1064 et
297 1024 486 1063 Lucilius
508 1021 752 1062 Tarrhaeus
774 1036 835 1062 ex
859 1022 1090 1064 Archilo
1104 1024 1205 1064 cho
1231 1034 1275 1064 et
1293 1022 1545 1079 Pherecyde

144 1098 360 1145 scribens,
389 1095 649 1144 Herculem,
684 1099 903 1136 esuriente
924 1096 1037 1150 Hyla
1064 1110 1229 1148 puero,
1255 1097 1499 1150 relictoque
1519 1111 1546 1137 a

145 1179 269 1224 tergo
298 1165 559 1223 paedagogo
593 1167 752 1217 Lichas
785 1169 899 1209 forte
930 1169 1106 1209 obvium
1133 1167 1443 1209 Thiodamanti
1468 1183 1546 1221 po-

143 1246 333 1296 poscisse
368 1241 639 1294 aliquantum
677 1240 787 1282 cibi:
828 1245 948 1283 cuius
985 1256 1082 1281 cum
1107 1241 1325 1294 repulsam
1359 1242 1541 1291 tulisset,

142 1318 207 1355 ira
233 1328 490 1354 succensum
510 1314 741 1367 diripuisse
761 1328 785 1354 e
813 1314 956 1355 bobus
977 1314 1182 1363 alterum,
1212 1328 1357 1367 eoque
1382 1326 1543 1356 macta-

142 1398 189 1428 to
209 1373 430 1440 epulatum
450 1387 595 1427 fuisse.
645 1386 746 1438 Qua
764 1397 943 1440 accepta
964 1391 1145 1436 iniuria,
1175 1386 1542 1428 Thiodamantem

140 1464 191 1501 in
212 1459 367 1500 urbem
387 1473 651 1514 regressum,
681 1460 935 1512 compulisse
962 1460 1207 1513 oppidanos
1240 1460 1298 1500 ad
1325 1475 1441 1501 arma
1466 1462 1541 1500 ad-

141 1546 287 1573 versus
315 1532 563 1572 Herculem.
630 1531 698 1572 Ibi
736 1542 827 1572 tum
853 1535 1110 1573 necessitate
1146 1543 1332 1574 extrema
1359 1537 1540 1574 circum-

140 1614 319 1649 ventum
364 1604 599 1644 Herculem
651 1608 782 1644 etiam
824 1619 1003 1645 uxorem
1037 1606 1292 1646 Deianiram
1309 1598 1321 1602 ³
1337 1621 1536 1656 armasse,

140 1677 407 1730 proelioque
462 1680 733 1730 superiorem
784 1676 1148 1718 Thiodamantem
1197 1683 1299 1720 neci
1351 1680 1536 1728 dedisse,

141 1760 405 1806 gentemque
450 1763 626 1790 omnem
672 1753 720 1790 in
767 1751 870 1791 alias
917 1751 1042 1791 sedes
1086 1761 1410 1806 transportasse.
1470 1753 1537 1793 Ita

140 1823 349 1863 Hadrian.
371 1822 520 1861 Iunius
544 1823 839 1863 Animadvers.
858 1824 906 1863 L.
925 1824 987 1863 IV
988 1852 999 1862 .
1036 1823 1084 1864 C.
1106 1824 1180 1865 IV.
1230 1826 1396 1866 Locum
1417 1825 1535 1866 hune

139 1895 294 1935 Lucilii
317 1894 551 1944 Tarrhaei‚
592 1899 711 1936 cuius
740 1894 849 1935 haec
880 1899 1070 1937 narratio
1089 1896 1353 1939 Archilocho
1377 1901 1532 1952 partim

140 1968 347 2016 debetur,
374 1967 584 2022 indagare
601 1981 697 2008 non
715 1970 857 2022 potui.

693 2218 971 2265 CLXXXV.

237 2310 415 2351 Clodius
450 2315 497 2351 in
522 2312 830 2365 Descriptione
865 2318 964 2355 artis
998 2317 1198 2367 poeticae
1230 2319 1528 2369 systematicae

135 2384 375 2436 (Entwmf
384 2386 505 2424 einer
520 2387 878 2438 systemacisclten
896 2388 1080 2438 Poecik)
1105 2388 1206 2428 Vol.
1226 2401 1263 2427 2.
1292 2402 1336 2440 p.
1356 2395 1445 2435 555.
1471 2390 1527 2430 de

137 2454 409 2509 dithyrambo
452 2471 584 2512 agens
629 2458 757 2507 dicit,
805 2472 972 2500 nomen
1016 2459 1141 2499 huius
1187 2464 1384 2501 carminis
1418 2462 1525 2503 inde

135 2530 331 2579 fluxisse,
359 2534 483 2586 quod
504 2533 698 2575 Bacchus
722 2535 788 2576 bis
818 2546 945 2577 natus
976 2547 1039 2577 est
1066 2532 1125 2584 δὶς
1141 2532 1280 2593 ,θύρας
1301 2533 1527 2591 ἂμείβων;

138 2603 247 2645 alios
281 2619 382 2645 vero
417 2620 594 2647 censere
635 2608 741 2648 inde
775 2619 944 2657 ortum,
994 2611 1117 2664 quod
1150 2610 1338 2651 famulus
1368 2611 1527 2657 Bacchi

134 2679 284 2718 iuxta
317 2678 718 2721 Archilochum
750 2682 798 2721 id
826 2684 1015 2723 nominis
1046 2682 1209 2723 habuit.
1260 2683 1391 2724 Unde
1419 2699 1523 2725 vero

139 2747 252 2790 hanc
295 2749 543 2793 Archilochi
589 2757 887 2795 auctoritatem
933 2757 998 2795 vir
1053 2756 1204 2796 doctus
1258 2757 1528 2807 desumsefit,
