1846 3308
800 309 868 316 —-
937 296 1037 328 210
1106 308 1175 319 ¹—-

907 419 1078 465 XCVI.

298 522 401 575 Καὶ
416 519 561 575 πεσεΐ
575 520 756 592 δρὴςην
778 520 850 571 ἐπ’
871 517 1061 581 &onom
1073 496 1271 592 μηρούς
1295 535 1352 572 τε
1369 520 1693 594 μηροῖς--,

300 704 369 750 Et
412 697 639 764 procidet
683 709 946 746 actuosum
991 698 1045 746 in
1090 710 1343 757 ventrem,
1399 711 1450 747 et
1501 699 1694 751 femora

1071 787 1349 837 femoribus
1382 815 1450 827 —
1483 819 1572 839 —.

398 969 542 1010 Schol.
562 970 708 1022 Eurip.
730 969 850 1008 Med..
873 982 912 1008 v.
932 969 1020 1021 679.
1058 965 1218 1010 Ἀσκοῦ
1240 983 1297 1024 με
1319 966 1397 1011 τὸν
1429 964 1695 1026 προῦχοντα

296 1044 358 1102 μὴ
380 1043 513 1087 λῦσαι
535 1043 660 1086 πόδα.
717 1042 872 1085 Ἀσκὸν
894 1041 1041 1085 τοίνυν
1066 1040 1188 1098 λέγει
1210 1042 1287 1086 τὸν
1309 1047 1405 1102 περὶ
1427 1038 1507 1102 ἑὴν
1530 1048 1695 1104 γαςέρα

295 1124 446 1166 τόπον.
516 1119 812 1179 Ἀρχίλοχος·
849 1119 937 1161 Καὶ
960 1112 1085 1164 vrso-⁴32¹
1113 1135 1154 1164 κ.
1175 1136 1216 1164 τ.
1244 1121 1288 1164 λ.
1326 1127 1518 1180 Apparet
1540 1131 1586 1167 in
1606 1128 1694 1168 fine

293 1203 475 1244 verbum
497 1203 553 1243 ad
580 1216 753 1242 sensum
786 1201 962 1251 deesse,
998 1203 1170 1242 fortean
1199 1198 1444 1255 συμπλέκει
1472 1205 1543 1244 vel
1566 1216 1696 1260 προσ-

294 1277 462 1334 τρίβει,
499 1280 624 1334 quod
651 1283 686 1319 si
716 1279 917 1328 adiicias,
955 1278 1089 1318 habes
1119 1293 1289 1319 versum
1324 1291 1613 1336 asynartetum
1645 1297 1696 1323 ex

295 1354 516 1394 trochaico
538 1354 720 1392 dimetro
740 1352 1018 1392 acatalectico
1038 1362 1080 1392 et
1099 1351 1288 1392 iambico
1317 1353 1502 1395 dimetro
1534 1356 1694 1396 catale-

296 1432 431 1476 ctico,
459 1427 523 1466 illi
543 1426 634 1465 sere
663 1425 869 1473 similem,
910 1438 1040 1477 quem
1069 1424 1320 1465 Victorinus
1339 1440 1382 1479 p.
1402 1433 1516 1473 2551.
1545 1428 1695 1469 scribit

293 1498 602 1541 Archilochum
624 1500 913 1550 composuisse
942 1497 1043 1548 (vid.
1067 1509 1346 1538 commentar.
1367 1502 1402 1550 ς.
1427 1513 1487 1539 ιο.
1507 1510 1600 1539 not.
1620 1501 1695 1554 g.)‚

296 1581 365 1618 cui
380 1578 512 1630 plane
529 1590 608 1630 par
627 1579 721 1624 erit,
753 1579 788 1615 si
809 1568 1130 1627 συμπλέκουσα
1156 1575 1225 1614 vel
1252 1572 1548 1628 συντρίβουσα
1573 1578 1695 1633 lege-

291 1660 363 1696 ris.
424 1655 536 1693 Nam
564 1653 619 1692 de
647 1652 815 1692 tribade
842 1665 921 1692 seu
955 1656 1181 1692 meretrice
1222 1647 1541 1708 κελητιζοὺση,
1564 1636 1694 1696 vforte

295 1729 352 1768 de
371 1731 465 1780 ipsa
482 1728 524 1766 N
527 1725 687 1765 eobule
706 1726 776 1765 vel
796 1739 885 1764 una
902 1724 1084 1764 filiarum
1115 1725 1384 1780 Lycambae,
1415 1728 1571 1781 quibus
1601 1738 1697 1768 tan-

294 1811 449 1853 topere
496 1801 759 1840 conviciatus
808 1809 894 1848 est,
949 1798 1102 1839 Iacobs
1141 1797 1249 1838 haec
1289 1799 1401 1838 dicta
1439 1814 1531 1840 esse
1568 1811 1694 1853 putat

293 1874 395 1913 Vol.
417 1874 451 1912 I.
480 1873 528 1912 P.
547 1872 580 1911 Ι.
609 1885 653 1924 p.
679 1872 763 1924 169.
787 1881 829 1911 et
849 1885 931 1923 pro
961 1871 1114 1911 laceris
1144 1876 1414 1912 senariorum
1442 1873 1693 1927 fragmentis

294 1946 440 1986 habet.
494 1944 683 1985 Illustrat
719 1948 847 1984 etiam
880 1944 982 1984 loco
1017 1946 1304 1985 Anacreontis
1339 1945 1456 1998 apud
1491 1944 1695 1986 Phavori-

292 2036 423 2064 num:
463 2018 680 2069 Γυναῖκες
708 2016 945 2069 εἱλίποδες·
990 2013 1230 2070 πλίξαντες
1260 2020 1434 2076 μηροῖσι
1467 2018 1586 2076 παρὰ
1614 2034 1693 2075 μη-

293 2092 414 2152 ροὺς,
443 2101 566 2151 (fort.
593 2090 887 2154 πλέξαντες-λ(
929 2098 1059 2138 Unde
1080 2112 1258 2152 quoque
1277 2099 1458 2151 Eupolis
1478 2098 1606 2137 talem
1627 2098 1693 2137 fe-

292 2180 456 2215 minam
483 2171 682 2216 εἱλίποδσι
708 2182 877 2219 vocavit
902 2173 953 2217 ἐκ
982 2175 1058 2230 τῆς
1088 2171 1293 2227 εἷλὴσεως
1324 2172 1413 2215 τῶν
1438 2170 1583 2214 ποδῶν
1616 2171 1692 2227 τῆς

294 2250 414 2292 κατὰ
442 2249 523 2305 τὴν
551 2246 687 2307 μίξιν.
740 2257 894 2296 Suidas
922 2270 959 2296 v.
987 2250 1215 2308 μυσάχνη.

400 2361 577 2418 Δρὴςη
592 2375 627 2402 ν.
679 2364 903 2404 Scholiast.
922 2364 952 2404 1.
976 2378 1011 2403 c.
1043 2359 1195 2418 δρὴςην
1217 2358 1337 2416 λέγει
1358 2355 1449 2402 οἷον
1469 2357 1694 2414 δράσαντά

292 2455 351 2482 τι.
392 2454 435 2483 et
469 2442 655 2498 Hesych.
694 2438 894 2495 Δρὰστης
909 2452 920 2463 ·
959 2436 1169 2495 πράττειν
1208 2434 1455 2494 δυνάμενος.
1490 2441 1693 2480 Latinum

296 2532 318 2557 a
331 2527 456 2556 ctuo
469 2531 486 2555 s
500 2530 556 2555 us
584 2518 748 2568 optime
769 2513 870 2554 huic
888 2519 1062 2555 notioni
1083 2515 1351 2567 respondere
1372 2512 1555 2553 videtur.

371 2621 424 2664 ’A
437 2621 532 2665 σκὸ
543 2636 589 2663 ν.»
609 2619 765 2671 ’Δσκὸς
791 2624 967 2664 Graecis
986 2637 1079 2664 non
1097 2624 1232 2664 modo
1254 2624 1310 2664 de
1330 2634 1479 2664 ventre
1499 2633 1573 2663 aut
1588 2623 1691 2663 loco

296 2704 408 2740 circa
445 2709 638 2738 ventrem
675 2697 854 2747 dicitur,
893 2707 942 2736 ut
978 2697 1095 2750 apud
1121 2697 1268 2750 Eurip.
1299 2707 1340 2736 et
1366 2695 1689 2744 Archilochum,

296 2777 451 2830 quibus
473 2775 587 2815 adde
615 2774 894 2827 Aristophan.
915 2773 1100 2815 Acharn.
1128 2795 1183 2804 —
1213 2770 1348 2814 ἀσκὸν
1367 2769 1690 2827 Κτησιφῶντος
