1846 3308
674 292 1049 339 —115—

168 415 249 468 οὖν
272 419 371 474 ἴσως
392 412 444 477 ἦν
467 417 492 475 ἦ
518 416 646 474 φωνὴ
672 413 930 475 (ῥοβοειδὴς)
954 413 1157 470 συνήθης,
1181 411 1208 470 ἦ
1227 407 1309 456 οὒκ
1334 409 1476 470 εἴρηκε
1494 411 1560 471 ῥο-

165 499 342 555 βοειδὲα
363 499 539 556 τρόπον.
569 495 611 538 ὲν
632 494 677 536 δὲ
694 496 762 550 τῷ
774 493 905 549 ,μετὰ
924 491 1070 534 ταῦτα
1099 490 1297 548 χρήσεως
1328 484 1464 547 αὐτῆς
1493 490 1559 534 ἐκ·

166 577 413 635 βληθείσης
444 575 500 625 εἷς
532 571 750 626 ἀσάφειαν
785 561 877 626 ἧκε.
908 568 961 612 τὸ
986 568 1066 625 μὲν
1099 567 1185 625 γὰρ
1218 567 1288 610 διὰ
1314 568 1394 611 τοῦ
1427 584 1456 611 κ
1488 568 1558 613 λε·

167 657 355 713 γόμενον
394 648 712 713 ρὀικοειδὲα
751 644 825 690 καὶ
866 645 987 702 παρὰ
1014 650 1139 701 (mal.
1170 643 1296 703 περὶ)
1335 647 1557 704 Θεοκρίτῳ

168 731 498 790 γεγραμμένον,
547 725 657 771 ἔνθα
706 724 839 781 φησί·
887 723 1058 767 Ῥοικὸν
1096 723 1140 766 δέ
1177 738 1250 766 κεν
1304 723 1559 783 ἂγριελαίᾱς

168 805 386 866 Δεξιτερᾷ
415 803 626 864 κορύναν,
658 803 731 845 καὶ
759 803 879 860 παρὰ
909 799 1174 858 ’Δρχιλόχῳ
1195 815 1206 826 ·
1240 799 1389 843 Ἀλλά
1421 804 1556 858 (μοι)

166 887 319 947 μικρός
339 901 403 935 τις
424 882 487 939 εἴη
511 882 584 925 καὶ
604 880 700 940 περὶ
722 880 887 937 κνήμας
920 872 1023 921 ι’δεῖν
1045 878 1127 921 ‘Po
1142 893 1193 920 ικ
1207 877 1259 929 6,-
1278 894 1319 921 κ.
1342 893 1382 920 τ.
1404 877 1449 920 λ.
1482 877 1556 921 καὶ

165 964 285 1021 παρὰ
311 965 434 1018 (mal.
461 959 591 1018 περὶ)
619 956 877 1015 Νικάνδρῳ·
896 953 1062 999 ’Ἄλλοι
1089 955 1133 998 δὲ
1160 954 1367 1014 ῥοικοῖσιν
1397 956 1558 1013 ι’σὴρεες

166 1040 222 1085 ὃν
243 1039 301 1083 τὰ
327 1037 564 1097 παγούροις
584 1037 702 1080 Γυῖα
730 1030 1015 1093 βαρύνονται.
1045 1031 1097 1075 τὸ
1129 1033 1208 1090 μὲν
1241 1032 1310 1075 διὰ
1333 1034 1413 1076 τοῦ
1433 1034 1466 1086 ,Β
1488 1033 1558 1092 ῥό-

163 1119 248 1173 βον
282 1115 364 1161 οὐκ
403 1111 520 1170 οἶδα,
568 1116 712 1159 καίτοι
743 1112 844 1156 τινὰ
874 1113 965 1155 τῶν
996 1110 1285 1167 ἂντιγρᾷφων
1314 1109 1384 1152 διὰ
1411 1110 1492 1153 τοῦ
1522 1110 1557 1162 β

156 1191 441 1254 Ὕὲγρὰπται,
482 1192 588 1236 ἀλλ’
616 1193 658 1236 ὲν
690 1191 782 1241 τοῖς
811 1184 1149 1247 ἂξιοπιςοτέροις
1179 1185 1422 1247 εὑρίσκεται
1442 1188 1492 1230 τὸ
1514 1202 1555 1230 κ.

165 1281 237 1320 Sic
282 1282 411 1318 etiam
454 1275 597 1316 Schol.
632 1273 856 1313 Theocriti
900 1271 1025 1325 Idyll.
1054 1265 1089 1307 δ.
1119 1274 1236 1322 ν.49.
1285 1265 1472 1314 Ῥοικὸν,
1502 1264 1554 1308 τὸ

165 1350 419 1409 καμπύλον.
441 1347 739 1407 ’Δρχίλοχος·
769 1342 894 1386 ἀλλά
916 1359 990 1400 μοι
1012 1342 1155 1403 ῥοικός
1174 1359 1214 1385 κ.
1235 1359 1276 1385 τ.
1298 1342 1342 1385 λ.
1379 1348 1440 1387 Ex
1460 1349 1557 1400 qui-

165 1431 247 1471 bus
273 1429 503 1468 manifesto
534 1434 735 1479 apparet,
762 1419 902 1480 ῥοικός
929 1420 1166 1474 legendum
1197 1434 1314 1469 esse,
1347 1435 1441 1461 non
1466 1419 1556 1477 ῥαι·

165 1503 270 1558 βός,
297 1516 346 1546 ut
367 1506 454 1544 Dio
474 1503 687 1559 Chrysost.
707 1502 862 1550 habet,
890 1510 932 1540 et
950 1498 1199 1546 Pollucem,
1230 1501 1306 1550 qui
1336 1497 1450 1539 hanc
1480 1515 1556 1540 vo-

170 1595 264 1621 cem
289 1576 549 1619 Archilocho
577 1575 749 1623 tribuit,
779 1574 889 1624 (vid.
916 1573 1066 1625 fragm.
1099 1572 1209 1622 167.)
1238 1571 1306 1609 vel
1333 1572 1464 1612 alium
1490 1574 1557 1614 lo-

169 1668 267 1694 cum
302 1661 539 1704 spectasse,
582 1647 653 1687 vel
692 1651 820 1687 etiam
853 1647 1063 1685 memoria
1098 1643 1266 1694 lapsum
1300 1642 1374 1683 has
1411 1660 1554 1696 voces,

170 1745 351 1786 quarum
373 1728 523 1768 eadem
548 1731 608 1766 vis
636 1735 724 1773 est,
751 1731 1044 1763 commutasse.
1068 1713 1275 1767 Ῥαιβοὺς
1295 1725 1434 1771 enim,
1459 1727 1556 1776 ipso

170 1805 383 1850 docente,
411 1800 647 1847 καλοῦσιν,
677 1795 740 1847 οἷς
767 1792 987 1853 καμπύλα
1016 1794 1073 1845 εἷς
1097 1792 1149 1836 τὸ
1178 1791 1296 1836 ἔνδον
1316 1795 1375 1837 τὰ
1403 1796 1555 1853 σκέλη.

166 1883 221 1923 Et
246 1877 391 1937 ῥοικὸν
422 1875 450 1934 ἧ
483 1875 625 1935 ῥοισὸν
663 1874 715 1918 τὸ
756 1871 839 1916 ἔσω
875 1872 997 1915 νεῦον
1031 1870 1059 1929 ἦ
1093 1871 1257 1928 ςραβὸν
1277 1867 1446 1924 Ἴωνες,
1485 1894 1561 1918 au.

171 1965 290 1995 ctore
320 1953 529 1994 Corintho
563 1953 866 2007 grammatico,
904 1963 1034 2003 quem
1064 1952 1321 2001 interpretes
1354 1951 1560 2005 Hesychii

168 2031 368 2068 excitant.
419 2026 571 2066 Talem
600 2038 702 2064 vero
735 2023 914 2078 gradum
942 2031 1173 2069 statumve,
1204 2023 1375 2074 qualem
1409 2024 1561 2064 Archi.

167 2100 320 2141 lochus
340 2105 386 2139 in
416 2099 527 2138 duce
554 2097 735 2150 probat,
765 2107 855 2133 esse
886 2091 1142 2141 firmiorem,
1181 2093 1373 2135 Galenus
1401 2098 1559 2137 eodem

166 2173 268 2214 loco
280 2175 332 2213 T.
343 2173 395 2211 V.
417 2187 457 2225 p.
467 2172 556 2218 650.
575 2173 742 2210 asserit:
771 2166 835 2209 Τὸ
856 2164 1029 2208 κυλλὸν
1050 2159 1191 2223 ὄνομα
1213 2167 1325 2218 τινὲς
1343 2169 1423 2224 μὲν
1446 2166 1558 2213 ἅπα-

170 2259 250 2289 σαν
272 2245 511 2302 διαςροφὴν
532 2242 684 2286 κώλου
706 2242 842 2297 φασὶν
867 2242 1052 2299 δηλοῦν,
1080 2245 1252 2300 γενικόν
1284 2262 1327 2288 τι
1355 2249 1558 2303 σημαινό-

170 2338 297 2380 μενον
326 2319 607 2374 ὒποτιθὲντες
632 2315 758 2375 αὐτῷ
769 2336 779 2345 ·
817 2319 980 2364 τούτου
998 2321 1084 2380 γὰρ
1106 2323 1385 2380 συμβάντος,
1426 2326 1558 2382 ἀναγ-

171 2400 296 2442 καῖόν
319 2399 377 2452 ἐςι
399 2399 449 2442 τὸ
471 2395 605 2455 ἄκρον
629 2393 791 2446 αὐτοῦ,
819 2397 1019 2452 τουτὲςι,
1050 2400 1156 2457 πρὸς
1181 2400 1258 2444 τὸν
1287 2402 1424 2451 πόδα,
1452 2403 1558 2459 πρὸς

169 2475 250 2528 τὴν
280 2474 377 2520 εἴσω
408 2476 561 2535 χώραν
590 2481 727 2532 (forte
754 2473 944 2530 νεύειν),
983 2473 1090 2537 ὅπερ
1125 2480 1182 2529 εἰς
1211 2480 1263 2523 τὸ
1295 2482 1370 2536 τῆς
1396 2481 1558 2533 ςὰσεως

172 2551 339 2610 ἑδραῖον
364 2553 414 2598 οὐ
443 2554 578 2613 μικρὰ
606 2551 834 2602 συντελεῖ,
864 2550 947 2606 ὥ’ςε
976 2555 1050 2596 καὶ
1082 2548 1231 2599 αὗτῶν
1259 2562 1383 2612 (fort.
1412 2554 1559 2609 αὕτως

170 2633 239 2672 vel
266 2627 433 2685 οὕτως)
465 2633 555 2675 τῶν
579 2633 697 2674 κατὰ
726 2625 861 2685 φύσιν
890 2630 1090 2687 ἐχόντων
1124 2634 1214 2686 (τὰ
1244 2633 1406 2690 σκέλη,
1436 2639 1558 2691 quod

172 2711 375 2750 excidisse
401 2713 617 2765 videtur),
643 2709 733 2752 τῶν
759 2708 927 2767 ῥαιβῶν
959 2707 988 2765 ἢ
1017 2708 1175 2766 ῥοικῶν
1206 2709 1558 2767 ὀνομαζομένων,

169 2781 475 2843 ἂσφαλέςερόν
514 2801 564 2828 τε
599 2791 703 2842 (pro
741 2784 820 2840 δὲ)
857 2785 931 2829 καὶ
975 2785 1430 2846 δυσανατρεπτότερον
1471 2788 1557 2842 25«-

969 2863 1010 2900 H
1037 2875 1062 2901 2
