1846 3308
325 780 1724 843 EPHYMNIUM

982 912 1069 949 IN

584 1018 1456 1067 HERCULEM.

929 1260 1103 1305 LXIX.

865 1346 1166 1407 Τήνελλα.

410 1426 511 1499 ῗΩ
547 1447 804 1499 καλλίνικε
839 1444 989 1517 χαῖρ’
1032 1441 1165 1504 ἄναξ
1202 1446 1494 1521 Ἡράκλεες,

420 1535 589 1597 Αὐτός
624 1551 681 1587 τε
714 1536 803 1588 καὶ
836 1537 1038 1596 Ἰόλαος
1075 1537 1315 1601 αἰχμητὰ
1352 1537 1466 1588 δύο.

422 1704 676 1752 Praeclare
711 1704 847 1752 salve
882 1702 1045 1751 victor
1080 1720 1111 1751 ο
1145 1721 1232 1752 rex
1268 1706 1525 1764 Hercules,

422 1798 603 1859 Tuque
650 1805 700 1842 et
741 1794 912 1842 Iolaus
957 1793 1105 1842 ambo
1150 1810 1374 1860 pugnare
1416 1795 1613 1845 incluti.

415 1961 641 2003 Scholiast.
664 1962 842 2002 Pindari
859 1960 1033 2015 Olymp.
1060 1959 1106 2000 ,9.
1135 1976 1173 2003 v.
1196 1976 1229 2001 1.
1261 1961 1403 2002 Schol.
1432 1962 1709 2016 Aristophan.

315 2034 434 2092 Ὀρν.
461 2053 500 2080 v.
524 2039 634 2092 1762.
664 2050 707 2080 et
729 2037 913 2092 Ἀχαρν.
950 2051 989 2077 v.
1013 2043 1122 2083 1228-
1158 2038 1310 2078 Suidas
1346 2052 1384 2078 v.
1413 2034 1637 2091 Τήνελλα,
1667 2052 1711 2081 et

314 2113 493 2152 Tzetzes
515 2112 699 2153 Chiliad.
716 2112 748 2152 1.
772 2127 811 2153 v.
827 2113 915 2159 685.
934 2111 1240 2164 Fragmentum
1261 2111 1390 2158 odae,
1410 2126 1521 2164 quae
1541 2112 1594 2151 ab
1616 2113 1708 2153 aliis

316 2184 620 2239 ephymnium‚
650 2184 703 2224 ab
734 2184 825 2223 aliis
856 2182 1062 2238 hymnus,
1094 2193 1167 2223 aut
1194 2186 1425 2236 epinicium
1456 2183 1634 2231 dicitur,
1665 2196 1708 2225 et

313 2259 364 2296 iis
389 2261 464 2307 qui
487 2261 533 2295 in
552 2257 664 2296 ludis
695 2257 930 2311 Olympicis
956 2259 1140 2295 victores
1173 2259 1318 2304 erant,
1356 2259 1492 2295 accini
1523 2257 1705 2298 solebat.

313 2333 487 2373 Pindar.
522 2332 655 2373 schol.
691 2330 805 2385 Νεμ.
828 2344 871 2384 γ.
908 2347 946 2372 v.
972 2347 1006 2372 1.
1040 2329 1093 2370 ‘O
1121 2326 1201 2385 μὲν
1232 2319 1310 2371 οὖν
1337 2327 1590 2386 Ἀρίςαρχός
1622 2332 1706 2389 φη-

314 2421 404 2454 σιν,
436 2402 533 2463 ἤτοι
554 2404 631 2448 τὸν
652 2403 792 2462 χορὸν
822 2402 906 2448 ὑπὸ
930 2404 1004 2461 τῆς
1035 2406 1153 2461 νίκης
1181 2405 1258 2448 τὸν
1283 2403 1393 2463 ἱερὸν
1416 2403 1706 2463 αὐτοσχέδιόν

311 2499 411 2527 τινα
435 2484 641 2527 ἐπινίκιον
673 2475 802 2538 ᾆσαι,
834 2480 862 2539 ἢ
888 2482 965 2525 τὸν
985 2481 1267 2540 ’Δρχιλόχου
1289 2481 1564 2527 καλλίνικον.
1618 2489 1706 2529 Cur

311 2575 415 2601 vero
435 2561 520 2602 hoc
537 2562 826 2615 fragmentum
846 2562 906 2599 ita
925 2559 1277 2600 constituendum
1300 2573 1391 2599 esse
1410 2561 1627 2609 duxerim,
1655 2571 1704 2601 ut

310 2632 523 2689 Τὴνελλα
549 2641 603 2678 sit
629 2647 744 2677 extra
769 2650 962 2686 versum,
1000 2636 1227 2690 apparebit
1256 2647 1346 2677 tum
1373 2652 1422 2677 ex
1448 2638 1549 2679 loco
1576 2637 1702 2678 scho-

309 2710 482 2758 liastae,
510 2721 601 2750 tum
621 2713 748 2750 etiam
771 2724 821 2749 ex
838 2720 994 2759 metro,
1025 2710 1147 2763 quod
1164 2714 1326 2751 intrusa
1346 2710 1426 2750 hac
1444 2724 1552 2751 voce
1569 2711 1699 2764 plane

311 2783 547 2833 claudicat,
597 2793 671 2823 aut
709 2783 864 2823 durum
901 2783 943 2822 et
985 2785 1300 2824 inconcinnum
1346 2783 1500 2824 evadit.
1553 2782 1697 2824 Schol.
