1846 3308
784 308 854 315 ..-
910 287 1021 328 ,2426
1091 306 1161 316 .-

282 415 466 468 Νηλέως
493 413 575 457 τοῦ
607 412 888 471 ἦγησαμένου
931 413 988 464 εἰς’
1015 413 1206 471 Ἰκαρίαν
1235 418 1343 474 (leg.
1371 416 1572 474 Καρίαν)
1609 420 1683 474 τῆς

274 491 438 536 ''vawv
470 491 686 542 ἀποικίας,
719 507 767 548 ης
793 489 845 534 τὸ
869 490 1018 548 κύριον
1049 488 1192 547 ὄνομα
1217 491 1363 548 Πειρῶ
1393 494 1532 548 φασὶν
1562 492 1683 541 εἶναι.

284 571 368 611 vid.
390 569 594 609 Herodot.
610 570 685 609 IX.
704 583 745 621 p.
757 570 819 621 96.
841 571 1025 610 Pausan.
1043 583 1087 623 Ρ.
1099 575 1188 615 525.
1208 569 1379 609 Aelian.
1401 571 1449 610 L.
1459 571 1573 612 VIII.
1598 588 1633 613 c.
1646 581 1689 620 5.

383 674 570 731 Λέγαι.
607 673 738 726 Apud
766 671 1251 729 Homerum-keymeta:
1281 686 1323 719 et
1350 675 1686 735 καταλέγεσθαι

291 757 578 803 decumbere,
614 757 757 792 iacere
784 754 832 791 in
856 751 999 803 lecto,
1036 756 1274 811 significat,
1309 757 1359 796 ΙΙ.
1399 771 1425 797 ι.
1454 773 1491 799 v.
1513 761 1600 801 612.
1628 758 1686 813 ψ.

294 840 382 890 169,
418 850 486 889 70.
516 833 670 888 Odyss.
698 842 739 870 τ.
758 836 833 879 50,
861 836 938 882 595
957 840 1000 871 et
1019 839 1108 885 598.
1161 834 1228 873 Ad
1257 833 1370 874 hanc
1395 849 1548 878 vocem
1577 844 1689 881 eius·

293 927 379 967 que
405 915 490 951 vim
516 906 796 950 referendum
825 910 954 947 etiam
986 910 1246 950 vocabulum
1274 905 1407 965 λέγαι
1434 913 1608 962 iudico,
1639 925 1689 954 ut

296 987 448 1043 λέχος,
478 983 683 1039 λέκτρον·
715 976 904 1036 ἄλθχθςι
934 995 1015 1026 etc·
1041 987 1111 1028 vel
1129 992 1275 1040 potius
1295 989 1345 1030 id
1367 1004 1459 1031 esse
1478 992 1686 1042 radicem,

295 1064 415 1104 unde
444 1071 588 1101 cetera
615 1059 877 1098 deriventur.

893 1347 1103 1394 CXVIII.

386 1452 453 1496 Τὸ
478 1450 523 1495 δὲ
545 1450 625 1494 τοῦ
646 1438 929 1507 ’Δρχιλόχου
962 1444 1043 1505 ἤδη
1076 1463 1143 1493 σοι
1174 1447 1320 1506 λέγω,
1348 1447 1419 1495 ὅτι
1448 1451 1691 1510 τέττιγα

296 1548 400 1577 πτε
414 1547 435 1589 ρ
450 1546 471 1574 ο
485 1529 508 1574 ῢ
540 1546 559 1573 ε
571 1526 625 1571 ῗλ
640 1545 664 1582 η
680 1529 717 1582 φ
730 1542 809 1579 ας·
839 1523 956 1584 εἴπερ
977 1525 1078 1569 τινὰ
1095 1527 1287 1585 ,ποιητὴν
1317 1527 1494 1586 ἰάμβων
1521 1528 1693 1583 ἀκούεις

295 1608 600 1668 Ἀρχίλοχον,
630 1603 800 1662 Πάριον
817 1602 869 1647 τὸ
898 1606 1047 1660 γένος,
1087 1600 1222 1664 ἄνδρα
1253 1605 1414 1663 κομιδῆ
1442 1605 1689 1666 ἐλεύθερον,

297 1686 372 1731 καὶ
396 1684 613 1746 παῤῥησίᾳ
635 1681 848 1730 συνόντα,
875 1680 1009 1739 μηδὲν
1040 1680 1257 1726 ὀκνοῦντα
1284 1682 1523 1742 ὀνειδίζειν,
1554 1685 1591 1728 εἰ
1617 1684 1692 1729 καὶ

296 1762 367 1811 ὅτι
398 1763 568 1821 μάλιςα
599 1758 810 1816 λυπήσειν
843 1756 1032 1816 ἔμελλεν
1061 1758 1164 1809 τοὺς
1195 1762 1437 1818 περιπετεῖς
1463 1760 1694 1820 ἐσομένους

296 1845 352 1899 τῆ
377 1840 505 1900 χολῇ
523 1839 613 1883 τῶν
636 1837 812 1895 ἰάμβων
839 1831 992 1881 αὗτοῢ.
1047 1835 1241 1889 Ἐκεῖνος
1267 1839 1414 1882 τοίνυν
1443 1840 1548 1899 πρός
1576 1856 1693 1893 τινος

295 1921 387 1966 τῶν
416 1917 631 1963 τοιούτων
662 1914 855 1967 ἀκούσας
881 1916 1027 1970 κακῶς
1057 1915 1306 1973 τέττιγα
1346 1914 1452 1975 ἔφη
1484 1915 1580 1961 τὸν
1611 1914 1691 1961 σ’ίν-

299 1998 395 2058 δρα
425 1994 710 2053 εἰληφένα
727 2012 740 2037 ι
770 1993 1010 2052 πτεροῦ,
1045 1992 1232 2052 εἰκάζων
1257 1993 1414 2038 ἑαυτὸν
1435 1996 1498 2051 τῷ
1519 1999 1691 2052 τέττιγι

294 2074 594 2133 ’Δρχίλοχος,
626 2072 759 2129 φύσει
779 2070 859 2129 μὲν
880 2070 1012 2127 λάλῳ
1044 2069 1140 2116 ὄντι
1174 2071 1249 2115 καὶ
1278 2068 1382 2116 ἄνευ
1413 2072 1528 2123 τινὸς
1558 2072 1692 2128 ἀνάγ-

295 2168 396 2205 κης,
440 2151 514 2196 καὶ
552 2152 718 2196 ὁπόταν
760 2150 805 2194 δὲ
843 2149 924 2193 τοῦ
963 2149 1126 2206 πτεροῦ
1163 2148 1351 2206 ληφθῇ,
1394 2150 1690 2208 γεγωνότερον

292 2232 475 2283 βοῶντι.
532 2230 639 2272 Καὶ
656 2229 716 2272 σὺ
738 2228 805 2277 δὲ,
838 2226 943 2283 ἔφη,
975 2218 1012 2269 ὦ
1029 2226 1383 2286 κακόδαιμον
1413 2223 1688 2285 ἄνθρωπε,

292 2309 350 2352 τί
400 2307 771 2364 βουλόμενος
819 2304 1060 2361 ποιητὴν
1113 2302 1295 2348 λάλον
1347 2300 1688 2361 παροξύνεις

291 2385 376 2429 ἐπὶ
415 2385 651 2432 σαυτὸν,
707 2381 895 2434 αἰτίας
929 2379 1212 2439 ζητοῦντα
1253 2381 1345 2425 καὶ
1386 2378 1691 2436 ὑποθέσεις

288 2466 411 2516 τοῖς
449 2463 703 2521 ἰάμβοις;

386 2572 565 2610 Lucian.
598 2565 803 2606 Pseudol.
830 2565 882 2606 T.
902 2565 974 2605 111.
1005 2578 1050 2618 p.
1074 2563 1159 2604 162.
1186 2564 1222 2615 §.
1245 2577 1279 2604 1.
1334 2565 1442 2605 Cum
1473 2567 1688 2607 Lucienus

290 2641 394 2682 haec
415 2656 465 2681 ex
485 2642 694 2703 memoria
719 2648 762 2679 et
781 2638 836 2678 ad
855 2641 1127 2690 propositum
1145 2650 1268 2676 suum
1287 2641 1510 2678 immutata
1533 2642 1689 2680 citave-

288 2717 359 2763 rit,
385 2719 512 2754 etiam
530 2716 656 2754 metri
677 2725 836 2767 genus,
865 2711 922 2750 ad
941 2710 1063 2764 'quod
1081 2714 1364 2763 pertinuerit,
1392 2712 1575 2752 indicari
1592 2724 1687 2753 non

285 2797 440 2839 potest.
492 2785 735 2827 Verisimile
755 2795 902 2827 tamen
922 2793 1007 2834 est,
1037 2797 1087 2828 ex
1106 2783 1301 2825 iambicis
1319 2788 1498 2825 senariis
1517 2797 1627 2824 esse
