1846 3308
665 304 1006 353 ...63-

787 435 873 479 ΙΠ.

243 520 522 579 ’Δρχίλοχος
559 519 583 564 ὃ
621 518 802 576 ποιητὴς
841 515 1209 575 ὑπερτεθαύμακε
1255 521 1335 577 τὴν
1372 524 1530 582 χώραν

133 600 226 644 τῶν
246 598 443 657 Σιριτῶν
474 597 544 642 διὰ
571 597 651 654 τὴν
681 592 972 653 εὖδαιμονίαν.
1003 594 1111 653 Περὶ
1142 596 1251 653 γοῦν
1281 600 1357 652 τῆς
1378 600 1530 647 Θάσου

135 677 314 735 λέγων,
344 675 402 728 ὡς
431 673 633 733 ἧσσονος,
666 674 826 733 φησίν·

204 755 282 806 Οὐ
317 756 423 828 γάρ
459 771 507 805 τι
543 755 707 814 καλὸς
738 755 954 826 χῶρος,
1002 751 1114 803 οὐδ’
1149 752 1412 829 ἐφίμερος,

205 843 332 896 Οὐδ’
364 843 580 918 ἐρατὸς,
629 841 739 904 οἷος
774 842 915 910 ἀμφὶ
947 843 1118 915 Σίριος
1156 843 1317 916 ῥοαῖς.

203 1024 324 1068 Non
343 1021 519 1068 haecce
537 1017 676 1083 regio
698 1018 932 1082 pulchra,
975 1035 1070 1066 nec
1086 1020 1331 1082 iucunda,
1371 1041 1466 1074 nec

203 1110 473 1169 Amabilis‚
512 1121 572 1156 ut
605 1121 682 1157 est
717 1109 780 1157 ad
816 1107 1004 1156 fluenta
1043 1110 1210 1159 Sirios.

212 1280 385 1320 (anck
405 1282 508 1312 Anal.
530 1282 567 1311 Τ.
586 1281 614 1310 1.
632 1290 667 1319 p.
687 1284 736 1318 44.
757 1279 801 1310 fr.
821 1287 869 1310 22.
902 1281 1023 1311 Iacobs
1042 1282 1122 1313 Vol.
1143 1284 1171 1313 1.
1194 1284 1230 1314 P.
1253 1293 1281 1315 1.
1303 1294 1337 1324 p.
1359 1287 1451 1328 266.)

233 1341 486 1382 Athenaeus
497 1342 552 1391 „L.
570 1341 667 1380 XII.
694 1355 737 1394 p.
758 1347 846 1387 523.

241 1431 278 1457 1.
338 1409 419 1457 01’2
469 1415 576 1472 γάρ
626 1431 679 1458 τι
730 1412 913 1465 καλός
957 1438 1014 1447 -
1053 1420 1257 1461 Similiter
1285 1423 1531 1467 Simonides

134 1493 315 1550 Amorg.
342 1491 439 1552 περὶ
468 1493 691 1550 γυναικῶν
726 1511 764 1537 v.
788 1503 825 1543 5.

246 1569 377 1626 Κείνη
420 1570 507 1628 γὰρ
539 1567 639 1614 οὔτι
668 1569 810 1613 καλὸν
839 1568 928 1613 οὐδ’
959 1569 1168 1630 ἐφίμερον

246 1644 447 1706 πρόσεςιν
483 1643 583 1692 οὐδὲ
612 1647 796 1706 τερπνὸν
828 1645 917 1691 οὐδ’
948 1646 1168 1706 ἐράσμιον.

236 1740 275 1766 2.
330 1727 498 1783 ’Δμφὶ
540 1726 738 1784 Σίριος
775 1726 944 1786 ῥοαῖς.
1014 1730 1284 1770 Sirisfluvius
1310 1732 1460 1773 Italiae
1489 1746 1533 1775 et
1604 1764 1608 1767 «

134 1800 239 1840 urbs
276 1802 333 1841 ad
364 1817 463 1842 eum
499 1807 603 1853 sita,
648 1818 743 1844 non
778 1805 933 1857 procui
961 1805 1235 1856 Metaponto.
1307 1806 1455 1859 Steph.
1494 1823 1530 1847 v.

138 1873 276 1929 Σῖρις.
329 1879 398 1919 De
417 1883 597 1920 nomine
615 1881 732 1920 urbis
750 1881 868 1921 idem
883 1881 1131 1921 Athenaeus
1148 1883 1177 1921 1.
1198 1896 1232 1921 c.
1259 1878 1532 1939 Ὠνομάσθη

138 1949 185 1992 δὲ
219 1948 244 2006 ἦ
275 1950 420 2008 Σίρις,
472 1951 527 2002 ὡς
565 1953 643 2009 μὲν
672 1955 860 2010 Τιμαῒος
897 1955 972 1997 καὶ
1010 1949 1243 2012 Εὐριπίδης
1282 1955 1324 1998 ἐν
1352 1959 1531 2014 Δεσμώ-

135 2026 221 2069 τιδι
254 2025 282 2084 ἧ
314 2029 607 2087 Μεναλίππη,
648 2029 734 2075 ἀπὸ
773 2034 981 2087 γυναικός
1017 2048 1130 2084 τινος
1161 2033 1356 2089 Σίριδος·
1403 2033 1457 2086 ὡς
1497 2036 1530 2078 δ’

136 2104 434 2163 ’Δρχίλοχος,
473 2107 560 2150 ἀπὸ
603 2109 822 2167 ποταμοῦ.
885 2113 1011 2165 Quae
1040 2127 1143 2153 vero
1171 2115 1301 2154 fuerit
1332 2115 1441 2156 haec
1467 2119 1532 2157 fe-

136 2185 278 2231 mina,
317 2197 431 2237 quae
467 2198 634 2226 nomen
666 2186 766 2226 urbi
794 2186 937 2232 dedit,
979 2190 1156 2238 exponit
1180 2187 1367 2241 Etymol.
1394 2191 1457 2228 M.
1494 2205 1532 2230 v.

137 2254 259 2311 Σίρις
290 2281 341 2290 -
370 2257 644 2317 Ὠνομάσθη
675 2258 762 2303 ἀπὸ
794 2258 989 2317 Σίριδος,
1027 2258 1255 2316 θυγατρὸς
1283 2261 1535 2320 Μόργητος,

136 2332 219 2375 τοῦ
250 2334 463 2387 Σικελίας
488 2335 734 2390 βασιλέως,
778 2335 987 2393 γυναικὸς
1024 2334 1069 2377 δὲ
1098 2334 1329 2386 Σκὺνδου,
1381 2337 1409 2397 ἢ
1445 2340 1532 2384 ἀπὸ

139 2411 312 2467 Σίριδος
338 2418 461 2470 (mal.
491 2415 696 2472 Σίδιρος)
723 2415 828 2472 μιᾶς
855 2415 946 2456 τῶν
974 2413 1227 2472 Νηρηΐδων,
1267 2413 1296 2471 ἢ
1334 2415 1420 2458 ἀπὸ
1452 2418 1531 2462 τοῦ

138 2488 455 2548 παραρρέοντος
484 2488 602 2549 αὐτῇ
627 2492 846 2549 ποταμοῦ.
897 2496 968 2535 De
984 2492 1117 2534 fluvio
1137 2505 1180 2534 et
1197 2496 1306 2537 urbe
1321 2500 1405 2538 vid.
1422 2502 1537 2539 Stra-

139 2568 245 2608 bon.
272 2571 403 2611 LVI.
423 2587 467 2625 p.
482 2579 571 2625 405.
590 2576 640 2615 A.
656 2576 703 2614 Β.
724 2575 786 2615 Ea
807 2584 850 2614 et
866 2566 1072 2611 Πολίειον
1095 2582 1138 2610 et
1159 2573 1349 2622 tandem,
1370 2576 1470 2616 loco
1493 2587 1536 2615 et

138 2645 320 2681 nomine
338 2655 519 2696 mutato,
541 2648 753 2688 Heraclea
775 2647 888 2687 dicta
911 2656 985 2686 est.
1030 2643 1235 2696 Stephan.
1258 2647 1431 2700 Byzant.
1453 2648 1480 2686 l.
1498 2663 1534 2687 c.

142 2728 186 2756 et
204 2733 242 2758 v.
263 2714 482 2760 Πολίειον.
533 2724 714 2763 Diodor.
744 2725 825 2762 Sic.
863 2724 911 2761 L.
934 2722 1030 2761 XII.
1065 2737 1107 2775 p.
1127 2728 1190 2767 51.
1227 2722 1315 2760 Liv.
1353 2724 1399 2761 L.
1420 2724 1534 2764 VIII.

141 2791 188 2830 C.
203 2797 263 2842 24.
291 2792 458 2832 Plinius
476 2795 524 2833 L.
536 2794 648 2833 VIII.
675 2801 732 2840 15.
773 2794 1012 2842 „Similiter
1031 2806 1094 2833 est
1112 2798 1228 2833 inter
1247 2794 1359 2834 Sirin
1379 2805 1423 2835 et
1439 2797 1541 2836 Aci·
