1846 3308
796 313 864 321 ..-
938 293 1031 342 142
1100 314 1168 323 ...-..

427 416 599 459 (Brunck
619 420 655 448 T.
675 420 702 449 1.
730 429 762 457 p.
781 423 828 456 41.
860 419 902 450 fr.
922 425 951 454 5.
975 421 1096 451 Iacobs
1115 422 1192 451 Vol.
1213 423 1240 452 1.
1271 423 1307 452 P.
1329 423 1356 452 1.
1389 427 1428 461 p.'
1445 425 1536 463 152.)

385 488 633 528 Athenaeus
655 489 701 528 L.
723 489 798 528 XI.
826 503 870 542 p.
891 496 975 537 183.
1003 492 1059 529 D.
1088 491 1164 531 ubi
1193 491 1247 530 de
1273 496 1396 533 variis
1418 495 1675 547 poculorum

287 573 518 627 generibus
555 576 662 626 agit:
699 567 960 626 μνημονεύει
1000 562 1138 612 αὐτοῦ
1179 569 1285 624 (τοῦ
1329 570 1564 626 κώθωνος)
1602 573 1676 618 καὶ

281 652 557 710 Ἀρχίλοχος
595 651 639 694 ἐν
678 649 938 708 Ἐλεγείοις,
980 650 1033 706 ὡς
1075 655 1285 710 ποτηρίου
1322 650 1486 706 οὕτως·
1546 654 1676 701 Ἀλλ’

280 727 363 785 ἄγε
383 730 460 775 σὺν
481 731 657 774 κώθωνι
678 747 717 774 κ.
738 748 779 775 τ.
799 731 843 775 λ.

387 841 636 885 Κώθωνι
675 866 729 877 -
764 842 982 902 Ποτήριον
1011 845 1267 890 Λακωνικὸν
1294 852 1426 893 fuisse
1459 852 1672 894 Athenae.

279 923 442 963 ibidem
463 925 513 964 A.
536 925 583 964 B.
604 929 762 965 asserit.
807 927 921 966 Hinc
945 932 1116 982 egregia
1143 929 1217 968 illa
1247 931 1495 970 emendatio
1515 932 1674 970 casau-

279 996 386 1036 boni
407 998 523 1049 apud
544 999 733 1038 eundem
764 1010 978 1039 auctorem
999 1002 1046 1039 L.
1067 1001 1141 1040 IV.
1164 1007 1248 1053 141.
1268 1003 1315 1041 B.
1346 1007 1392 1042 in
1417 1002 1673 1043 Dicaearchi

279 1075 571 1126 descriptione
610 1076 894 1129 phiditiorum
929 1078 1045 1129 apud
1077 1079 1331 1131 Spartanos:
1377 1070 1492 1118 Εἶτα
1522 1075 1670 1133 μᾶζαν

276 1152 380 1209 μὲν,
424 1149 529 1211 ὅσην
568 1150 621 1195 ἄν
663 1151 815 1206 ἕκαςος
853 1145 882 1211 ἦ
917 1154 1215 1212 βουλόμενος,
1254 1156 1328 1200 καὶ
1366 1159 1479 1202 πιεῖν
1516 1157 1669 1206 πάλιν,

275 1230 384 1275 ὅταν
414 1221 437 1286 ἦ
467 1230 633 1286 θυμὸς,
666 1229 808 1287 ἑκάςςυ
841 1232 1002 1276 κώθων
1029 1238 1133 1290 (pro
1162 1236 1266 1279 καθ’
1295 1232 1377 1290 ὃν)
1409 1236 1668 1294 παρακείμε-

275 1310 342 1355 νός
364 1308 437 1361 ἐςι.
489 1313 625 1352 Usum
655 1323 698 1353 et
726 1315 909 1355 formam
940 1319 1030 1355 eius
1058 1319 1118 1355 sic
1160 1330 1210 1356 ex
1240 1318 1371 1356 Critia
1411 1318 1668 1370 descriptam

273 1395 441 1445 profert
458 1407 499 1441 p.
518 1396 606 1443 485.
626 1392 673 1431 L.
694 1392 769 1431 XI.
792 1393 842 1431 A.
862 1393 909 1431 B.
963 1388 1150 1438 Κώθων,
1182 1388 1442 1433 Λακωνικὸν
1466 1388 1667 1446 ἔκπωμα,

274 1464 627 1522 ἐπιτηδειότατον
649 1465 704 1518 εἷς
734 1467 959 1521 ςρατείαν,
992 1466 1064 1509 καὶ
1093 1461 1409 1524 εὐφορώτατον
1442 1467 1484 1511 ἐν
1507 1467 1666 1524 γυλίω.

275 1536 328 1589 οὗ
351 1545 398 1601 δὴ
421 1542 547 1589 ἕνεκα
570 1543 870 1603 ςρατιωτικόν.
899 1550 985 1602 (Cf.
997 1549 1115 1589 Suid.
1137 1563 1172 1587 v.
1190 1543 1351 1589 κώθων
1373 1550 1667 1591 etSchol.Ari-

274 1629 415 1681 stoph.
433 1625 637 1682 ‘In-71:590
655 1623 875 1675 πολλάκις
893 1626 1016 1682 (γὰρ)
1034 1624 1205 1682 ἀνάγκη
1228 1623 1341 1685 ὕδωρ
1361 1626 1497 1671 πίνειν
1516 1625 1567 1670 οὗ
1590 1644 1665 1670 κα-

269 1709 423 1766 θαρόν.
465 1708 639 1764 πρῶτον
672 1708 750 1765 μὲν
784 1699 861 1752 οὖν
899 1707 950 1750 τὸ
971 1708 1031 1767 μὴ
1063 1706 1163 1751 λίαν
1190 1708 1443 1766 κατάδηλον
1478 1705 1662 1754 εἶναιτὸ

270 1787 417 1844 πόμα,
447 1781 543 1829 εἶτα
572 1781 784 1841 ἄμβωνας
817 1783 937 1841 ἔχων
974 1784 995 1828 ὁ
1028 1784 1188 1829 κώθων
1223 1783 1475 1830 ὑπολείπειν
1516 1787 1666 1841 (ποιεῖ

270 1872 472 1924 Casaub.)
494 1868 545 1911 τὸ
567 1860 617 1910 οὐ
644 1866 842 1925 καθαρὸν
862 1868 905 1910 ἐν
931 1861 1068 1923 αὐτῷ.
1120 1873 1205 1912 Alii
1229 1868 1441 1928 κεράμεον
1464 1884 1506 1913 et
1525 1884 1661 1926 μονω-

268 1947 345 1989 ‘rev
374 1952 502 1990 fuisse
525 1950 703 1989 addunt.
744 1950 958 1989 Polemon
983 1950 1088 1989 ibid.
1121 1962 1162 1990 et
1190 1950 1374 2005 Hesych.
1405 1960 1447 1989 et
1474 1949 1593 1988 Suid.
1620 1962 1658 1988 v.

267 2025 443 2068 κώθων.
464 2026 833 2080 Schol.Aristoph.
847 2027 875 2066 1.
891 2041 926 2067 c.
949 2027 1200 2067 Heniochus
1224 2027 1340 2081 apud
1355 2026 1561 2067 Athenae.
1578 2026 1607 2065 1.
1621 2039 1656 2066 c.

268 2122 367 2147 eum
387 2110 448 2146 sic
468 2105 692 2145 describit:
719 2102 831 2143 πιεῖν
851 2116 915 2152 τις
935 2100 1127 2158 ἐγχείτω
1150 2100 1306 2153 λαβὼν
1333 2100 1555 2155 πυριγενῆ,
1584 2114 1657 2141 κυ-

266 2177 471 2236 κλοτερῆ,
491 2176 781 2234 βραχύωτον,
808 2175 1073 2238 παχὺςομον
1098 2178 1305 2224 κώθωνα,
1333 2176 1468 2219 παῖδα
1490 2174 1656 2233 φάρυγ·

265 2272 363 2313 γος,
394 2275 523 2313 quam
542 2272 692 2298 vocem
713 2258 994 2298 casaubonus
1024 2248 1411 2311 corruptam'esse,
1440 2267 1484 2297 et
1504 2256 1656 2297 cotho-

265 2350 365 2376 nem
399 2340 541 2386 potius
570 2331 739 2387 τροχοῦ
771 2330 907 2374 παῖδα
941 2335 1186 2374 vocandum
1213 2348 1303 2374 esse
1333 2333 1508 2373 iudicat.
1568 2333 1656 2373 Sed

262 2413 366 2452 mihi
389 2413 558 2452 videtur
584 2408 718 2450 παῖδα
747 2411 815 2451 hic
834 2424 926 2451 non
949 2401 1107 2461 filium,
1142 2412 1219 2451 sed
1247 2414 1487 2450 ministrum
1509 2414 1653 2463 potius

263 2486 390 2540 gulae
407 2485 662 2539 significare,
688 2488 763 2538 qui
783 2495 956 2524 strenue
978 2488 1122 2523 vinum
1142 2485 1390 2537 suppeditat
1410 2493 1452 2522 et
1470 2487 1515 2522 in
1535 2482 1653 2521 illam

261 2558 466 2597 infundit.
531 2558 646 2597 Hinc
673 2556 784 2596 nihil
809 2557 1064 2596 mutandum
1096 2571 1268 2597 censeo.
1333 2557 1440 2595 Cum
1472 2564 1654 2607 propter

262 2631 475 2671 umbones
496 2633 626 2679 vasis,
653 2634 700 2669 in
722 2644 830 2682 quos
847 2634 961 2669 inter
979 2631 1218 2669 bibendum
1237 2640 1365 2682 potus
1387 2627 1536 2668 defluit
1549 2655 1562 2673 ,
1587 2626 1654 2667 bi-

260 2704 411 2743 bentes
440 2707 648 2752 cervicem
683 2713 917 2742 retrorsum
944 2713 1148 2755 torquere
1183 2703 1418 2751 deberent,
1456 2716 1481 2741 a
1506 2699 1652 2740 Theo-

258 2795 425 2833 pompo
471 2785 639 2822 comico
681 2771 1138 2835 ἱδὶάεπιζρεψαὺχην
1171 2780 1346 2819 dicitur:
