1846 3308
819 289 1160 340 ...96-

907 420 1079 466 XXIV.

378 515 734 589 Μετέρχομαί
769 509 854 577 σε,
891 517 1162 583 σύμβολον
1200 519 1490 584 ποιουμένη.

380 699 452 742 Te
487 695 665 743 accedo
704 693 940 758 supplex,
978 711 1127 742 omen
1162 710 1268 743 esse
1298 695 1602 745 existimans.

394 870 539 911 Schol.
560 871 733 911 Pindar.
767 871 940 926 Olymp.
963 885 1021 911 12.
1055 885 1093 911 v.
1116 886 1176 912 10.
1229 864 1478 927 Σύμβολον
1505 870 1539 914 δ’
1561 868 1686 923 οὔπω

289 962 353 998 τις
385 970 440 981 --
466 970 522 979 —
550 970 607 980 —
636 943 888 1003 Φιλόχορος
910 943 1053 995 δὲτὰς
1082 944 1130 988 ἐκ
1156 946 1307 1005 φήμης
1326 949 1558 1005 μαντείας,
1588 965 1686 993 του-

288 1008 381 1076 τέςι
411 1022 627 1079 κληδόνας
646 1022 719 1064 καὶ
749 1021 974 1080 πταρμοὺς
996 1019 1023 1079 ἢ
1053 1023 1254 1083 φωνὰς,ν’)“
1273 1026 1426 1083 φήμας
1447 1024 1475 1085 ἢ
1496 1027 1687 1084 ἀπαντή-

289 1116 375 1150 σεις
405 1098 618 1161 σύμβολα
647 1100 757 1160 φησὶ
783 1099 1022 1158 λέγεσθαι,
1055 1097 1109 1154 ὡς
1129 1101 1426 1161 ’Δρχίλοχος·
1454 1092 1685 1164 Mea-&9240-

288 1196 371 1239 μαι
402 1196 442 1222 κ.
467 1195 508 1221 τ.
529 1178 573 1221 λ.
1065 1202 1067 1204 v

398 1257 776 1315 Μετέρχομαι
821 1265 1007 1302 notione
1049 1262 1261 1314 precandi
1305 1263 1375 1303 vel
1410 1265 1686 1318 supplicandi

289 1339 361 1380 hic
386 1339 628 1379 adhibitum
646 1340 830 1379 videtur.
871 1338 1056 1395 Hesych.
1085 1336 1388 1394 μετέρχομαι·
1418 1339 1576 1390 ἱκανῶς
1603 1341 1686 1384 ἱκε-

288 1413 428 1461 τεύω,
468 1412 725 1470 ἱλάσκομαι.
795 1419 931 1458 Poeta
962 1419 1182 1471 loquitur,
1226 1419 1383 1468 credo,
1422 1420 1478 1460 de
1503 1421 1682 1472 femina,

291 1506 405 1544 quae
428 1492 483 1531 ad
500 1492 643 1531 Deum
666 1492 861 1531 Deamve
881 1501 955 1530 aut
974 1489 1197 1530 hominem
1222 1495 1448 1532 accesserit
1465 1496 1505 1533 ei
1523 1495 1686 1547 suppli-

289 1565 418 1604 candi
439 1575 514 1604 aut
532 1566 757 1619 rogandae
779 1566 959 1610 alicuius
978 1567 1042 1604 rei
1062 1577 1189 1603 causa
1198 1591 1212 1612 ,
1242 1567 1390 1604 omine
1411 1566 1480 1606 vel
1500 1570 1683 1621 augurio

289 1641 484 1692 quodam
510 1649 630 1678 mota
653 1639 724 1678 vel
751 1642 931 1677 monita.

398 1710 716 1771 Σύμβολον
764 1711 1135 1769 ποιουμένη.’
1184 1711 1407 1769 Ποιοῦμαι
1454 1716 1571 1775 idem
1615 1716 1686 1757 hic

288 1796 411 1850 quod
446 1789 646 1848 ἡγέομαι.
721 1796 791 1834 Sic
827 1793 1042 1834 Herodot.
1083 1794 1131 1832 L.
1157 1793 1271 1834 VIII.
1316 1806 1380 1846 91.
1426 1788 1578 1833 οἰωνὸν
1629 1789 1682 1833 τὸ

287 1865 431 1928 ὄνομα
482 1864 752 1925 ποιούμενος.
816 1872 933 1911 Alias
981 1874 1110 1910 etiarn
1153 1865 1259 1924 πρὸς
1307 1865 1460 1910 οἰωνὸν
1502 1866 1684 1926 τίθεμαι

288 1947 453 1986 dicunt.
481 1945 693 1986 Athenae.
721 1946 768 1984 L.
788 1945 821 1984 I.
849 1959 893 1997 p.
920 1952 979 1992 15.
1007 1945 1056 1984 E.
1086 1954 1129 1984 et
1156 1944 1349 1985 Casaub.⁴
1375 1948 1423 1984 in
1450 1954 1682 1985 comment.

286 2023 335 2061 L.
352 2023 384 2062 I.
415 2024 462 2063 C.
478 2023 555 2063 XI.
591 2036 635 2074 p.
658 2035 721 2069 22,
749 2025 812 2072 34.
856 2015 1106 2074 Σύμβολον
1129 2035 1261 2062 omen
1283 2036 1334 2062 ex
1353 2036 1614 2075 quacunque
1633 2036 1682 2062 re

285 2098 456 2135 insueta
479 2105 521 2134 et
544 2109 595 2134 ex
617 2098 1115 2147 improviso‚cccurrente
1133 2106 1320 2148 captum.
1348 2096 1418 2134 Sic
1437 2109 1486 2135 ea
1503 2109 1616 2149 quae
1634 2098 1682 2135 in

284 2174 441 2211 itinere
458 2173 601 2212 fausta
619 2171 688 2211 vel
707 2171 894 2211 infausta
914 2180 1162 2219 occurrunt,
1188 2169 1424 2224 Aeschylus
1443 2181 1569 2211 vocat
1595 2167 1681 2211 ἐνο-

285 2244 399 2294 δίους
418 2243 674 2300 συμβόλους
717 2245 936 2286 Prometh.
979 2251 1068 2298 487.
1116 2255 1355 2299 eorumque
1407 2250 1681 2288 inventorem

284 2322 594 2362 Prometheum
625 2323 741 2361 facit.
794 2321 942 2358 Fusius
978 2318 1058 2358 hac
1087 2319 1142 2359 de
1173 2333 1221 2359 re
1250 2323 1338 2373 agit
1365 2319 1599 2373 Spanheim
1626 2322 1683 2364 ad

287 2394 538 2434 Callimach.
576 2396 734 2448 Hymn.
784 2396 826 2431 in
867 2391 1029 2430 Pallad.
1067 2405 1106 2430 v.
1140 2400 1223 2440 123.
1272 2392 1488 2445 Aristoph.
1536 2393 1680 2434 Schol.

283 2470 403 2527 Ὀρν.
430 2487 467 2511 ν.
487 2485 576 2525 722.
599 2495 642 2501 —
675 2463 951 2525 Συμβόλους
988 2463 1160 2508 ἐποίουν
1206 2463 1306 2518 τοὺς
1337 2466 1494 2524 πρῶτα
1525 2459 1681 2517 ξυναν-

283 2548 480 2597 τῶντας,
511 2543 585 2588 καὶ
617 2538 666 2596 ἐξ
695 2540 976 2596 ἂπαντήσεὼς
1002 2558 1045 2585 τι
1080 2545 1469 2601 προσημαίνοντας.
1510 2537 1680 2600 ξυμβά-

283 2624 390 2676 λους
421 2624 466 2667 δὲ
502 2623 575 2666 καὶ
612 2619 714 2672 τοὺς
745 2619 814 2662 διὰ
842 2619 933 2662 τῶν
963 2622 1179 2677 πταρμῶν
1211 2620 1468 2679 οἰωνισμοὺς
1508 2619 1677 2678 ἔλεγον.

283 2710 446 2748 Himer.
470 2707 545 2746 Or.
566 2704 639 2744 ΙΙΙ.
666 2706 710 2755 §.¹
728 2703 788 2743 16.
815 2695 964 2755 χρηςὰ
997 2697 1041 2740 δὲ
1062 2697 1323 2756 ἐπαγγέλλῃ
1346 2697 1589 2756 συμβόλοις
1617 2699 1678 2742 αι’-

280 2782 381 2835 σίοις
404 2780 462 2823 τὰ
481 2777 727 2838 μέλλοντα.
800 2825 802 2827 ‚
