1846 3308
804 277 1173 327 ...134-

294 399 358 450 εἰς
393 396 558 457 ἴαμβον
588 404 879 459 περιΐςασθαι.
920 403 945 459 ἢ
986 401 1031 447 δὲ
1059 405 1288 457 φαντασία
1328 407 1408 452 τοῦ
1449 399 1692 466 ἆναήαίςου

296 476 454 534 γέγονε
486 478 556 521 διὰ
585 480 664 537 τὴν
697 481 872 538 ἱωνικὴν
903 481 946 525 ἐν
971 481 1164 540 ἑκατέρῳ
1196 482 1411 541 διαίρεσιν.
1464 491 1584 532 Idem
1613 494 1692 535 ob-

297 566 438 595 servat
475 560 603 597 etiam
651 572 693 611 p.
724 572 785 610 27.
830 558 908 598 ubi
944 561 1127 612 exempli
1165 576 1291 601 causa
1327 565 1497 602 initium
1535 563 1690 606 horum

297 627 484 669 duorum
501 644 701 671 versuum
722 636 1002 672 coniunctum
1028 637 1184 673 iterum
1210 634 1383 689 legitur.
1436 637 1545 677 Cum
1564 652 1691 693 supe-

293 703 411 744 riori.
429 686 567 756 igiturx
586 718 709 743 versu
738 708 1004 748 coniunctim
1029 709 1089 747 sic
1114 706 1293 761 legendi
1325 720 1488 751 essent:

350 764 352 766 ¹
403 774 692 834 Ἐρασμονίδη
721 777 942 834 Χαρίλαε,
972 772 1129 836 χρῆμά
1158 795 1226 822 τοι
1255 779 1433 837 γελοῖον
1649 838 1651 842 ¹

402 853 559 910 Ἐρέω,
589 853 908 910 πολυφὶλτα9”
935 858 1140 915 ἑταίρων,
1181 856 1369 915 τέρψεαι
1398 858 1432 901 δ’
1451 856 1657 917 ἁκούων·

405 929 579 974 Φιλὲειν
609 932 767 988 ςυγνόν
797 949 875 992 περ
905 934 1058 984 ἐόντα,
1090 934 1200 993 μηδὲ
1225 934 1526 994 διαλέγεσθαι.

392 1052 696 1096 Erasmonides
725 1055 946 1106 Charilae,
977 1057 1107 1111 digna
1134 1072 1201 1097 res
1231 1057 1442 1099 cachinno
1473 1070 1536 1100 est

390 1125 502 1165 Mihi
528 1128 836 1177 memoranda,
873 1144 899 1169 ο
930 1132 1091 1178 amice,
1129 1130 1392 1184 auribusque
1420 1143 1562 1186 grata:

390 1198 549 1239 Amare
576 1201 932 1252 superciliosum,
974 1202 1259 1255 colloquique
1284 1203 1420 1243 nolle.

389 1277 476 1316 Sed
513 1280 763 1330 quomodo,
810 1283 1008 1334 inquies,
1054 1278 1299 1320 Charilaum
1336 1275 1685 1333 πολυφίλτατον

288 1359 438 1396 vocat,
490 1355 610 1391 cuius
653 1363 799 1392 tamen
841 1356 1121 1394 voracitatem
1168 1357 1356 1393 carmine
1391 1358 1685 1406 perstrinxisse

287 1422 453 1462 fertur?
509 1425 621 1464 Tum
658 1426 862 1466 videlicet
894 1426 965 1467 vel
1001 1429 1169 1466 ironice
1203 1426 1251 1465 id
1287 1430 1471 1479 accipias
1507 1441 1686 1468 necesse

289 1506 375 1544 est,
425 1497 493 1536 vel
530 1499 795 1538 credendum
833 1510 917 1549 est,
965 1502 1116 1539 animis
1155 1508 1197 1538 et
1230 1499 1494 1548 factionibus
1529 1503 1685 1540 civium

285 1581 366 1620 per
401 1573 536 1610 varios
582 1586 726 1611 rerum
771 1572 1044 1625 publicarum
1086 1586 1204 1611 casus
1245 1582 1319 1611 aut
1364 1583 1542 1612 eventus
1590 1586 1685 1613 sae-

285 1655 342 1694 pe
377 1647 573 1693 mutatis,
618 1655 779 1697 poetae
823 1645 942 1684 idem
990 1648 1206 1693 evenisse,
1257 1644 1380 1697 quod
1427 1645 1482 1685 de
1517 1646 1683 1685 Pericle

284 1713 437 1769 fragm.
466 1723 529 1767 48.
564 1720 611 1756 in
646 1729 739 1757 not.
777 1718 963 1767 dictum',
1022 1721 1098 1771 qui
1131 1722 1317 1771 primum
1355 1720 1484 1757 etiam
1521 1720 1682 1762 amicus

283 1798 469 1839 poetae,
497 1800 649 1841 postea
675 1791 732 1830 ob
754 1791 872 1831 idem
891 1794 1040 1831 vitium
1058 1791 1392 1830 maledicentiae
1416 1793 1507 1830 eius
1531 1793 1684 1830 carmi·

283 1873 390 1904 num
418 1862 631 1904 obnoxius
659 1865 753 1904 fuit.
808 1865 1011 1904 Ceterum
1040 1878 1096 1904 an
1121 1864 1276 1904 horum
1302 1876 1503 1903 versuum
1530 1877 1684 1904 conse·

286 1938 403 1975 cutio
438 1946 480 1975 et
508 1937 729 1988 copulatio
764 1949 882 1978 recte
910 1937 1068 1977 habeat
1079 1965 1093 1986 ,
1128 1940 1176 1979 in
1204 1937 1340 1977 dubio
1367 1935 1505 1977 nihilo
1538 1939 1680 1976 minus

283 2019 501 2057 versatur,
529 2009 714 2062 perinde
740 2020 789 2048 ut
815 2011 952 2050 multo
980 2014 1120 2050 minus
1151 2009 1374 2061 adfirmare
1402 2013 1560 2058 ausim,
1586 2022 1681 2048 ver-

283 2096 378 2120 sum
405 2083 552 2131 illum,
602 2096 732 2135 quem
758 2083 876 2122 idem
904 2083 1216 2123 Grammaticus
1251 2097 1295 2135 p.
1313 2087 1377 2134 48.
1415 2082 1555 2121 adfert
1582 2095 1680 2120 cum

284 2153 615 2204 observatione,
646 2170 736 2195 esse
766 2156 942 2208 quidem
969 2170 1138 2195 versum
1167 2155 1359 2195 eiusdem
1384 2154 1565 2201 moduli,
1599 2152 1680 2193 sed

282 2236 457 2278 poetam
482 2227 600 2267 duos·
615 2227 836 2279 spondeos
861 2228 914 2267 ab
937 2231 1066 2268 initio·
1089 2231 1300 2280 posuisse,
1327 2226 1383 2266 ad
1400 2226 1517 2265 hunc
1533 2226 1679 2265 locum
1743 2230 1746 2234 ’

282 2303 507 2356 spectare,
538 2319 634 2344 cum
664 2318 808 2357 eoque
836 2306 1110 2358 iungendum
1140 2319 1246 2345 esse.
1309 2291 1465 2348 Οὗτος
1482 2298 1561 2354 μὲν
1591 2298 1677 2355 ’γὰρ

283 2382 460 2434 (inquit
487 2380 755 2432 Hephaestio
786 2380 839 2419 de
868 2381 1129 2421 Archilocho
1157 2382 1369 2434 loquens)
1397 2377 1455 2432 τῆ
1482 2392 1532 2420 τε
1560 2376 1680 2433 τομῆ

284 2453 336 2496 δι’
364 2451 476 2499 ὅλου
508 2454 727 2513 κέχρηται
757 2453 1111 2513 ἑφθημιμεροῢς.
1153 2453 1227 2497 καὶ
1266 2453 1522 2505 σπονδείους.
1548 2453 1677 2512 παρέ·

282 2531 426 2584 λαβεν
458 2532 500 2575 ἐν
531 2533 598 2588 τῷ
628 2530 904 2586 ἂναπαιςικῷ
934 2530 1067 2588 κώλῳ
1099 2530 1197 2574 δύο·
1239 2529 1354 2575 οἷον·

336 2610 473 2665 Ἀςῶν
505 2609 539 2653 δ’
565 2611 604 2655 οἱ
634 2610 713 2667 μὲν
745 2610 1016 2653 κατόπισθεν
1047 2601 1183 2666 ἦσαν·
1213 2611 1253 2654 οἱ
1272 2609 1317 2653 δὲ
1337 2608 1504 2655 πολλοί
1522 2632 1673 2650 --—.
1715 2605 1722 2612 ’
