1846 3308
139 766 834 824 EPICRISIS
927 766 1531 827 FABRICII

271 887 686 927 BIBLIOTHECAE
713 885 976 927 GRAEGAE
1011 888 1063 928 T.
1082 886 1198 926 xm.
1240 887 1286 926 Ρ.
1307 899 1395 927 212.

187 1113 294 1151 Post
319 1111 419 1152 alia
446 1111 670 1165 quaedam
700 1110 758 1150 de
788 1111 873 1150 Ιιοο
896 1110 1042 1151 Annii
1065 1111 1226 1162 scripto
1254 1111 1484 1153 Fabricius

703 1197 766 1235 sic
788 1196 935 1248 pergit
946 1206 964 1235 .·

135 1283 339 1361 „Quam
368 1311 540 1354 apertus
578 1305 631 1341 sit
665 1305 713 1341 in
751 1301 814 1341 his
845 1303 1127 1341 commentitii
1153 1303 1367 1352 scriptoris
1394 1302 1532 1352 fucus,

137 1374 268 1414 facile
289 1384 525 1428 cognoscet
541 1375 702 1422 lector,
731 1378 765 1413 si
793 1376 954 1427 cogitet
985 1382 1167 1411 aetatem
1187 1372 1435 1412 Archilochi
1455 1374 1535 1412 hu-

136 1449 202 1486 ius
225 1450 431 1500 assignari
458 1447 513 1486 ad
545 1447 835 1500 olympiadem
864 1444 1022 1484 XXIII.
1053 1455 1096 1483 et
1124 1459 1147 1484 a
1174 1446 1328 1485 Troiae
1365 1446 1532 1486 excidio

139 1532 301 1558 annum
329 1523 724 1574 quingentesimum
753 1534 804 1560 ex
831 1519 932 1559 loco
960 1517 1155 1566 Tatiani,
1195 1521 1269 1572 qui
1301 1518 1357 1557 de
1384 1519 1535 1558 Archi-

136 1591 268 1632 locho
297 1602 454 1645 poeta,
501 1607 633 1646 quem
667 1593 799 1648 Gygis
845 1602 1041 1644 tempore
1069 1592 1200 1631 fuisse
1228 1591 1374 1631 scribit
1404 1595 1534 1631 etiam

138 1666 389 1705 Herodotus
417 1665 462 1705 L.
482 1665 515 1705 Ι.
545 1680 580 1704 c.
605 1680 672 1714 12,
700 1668 760 1704 ita
787 1664 919 1704 habet
950 1677 1034 1715 ¹09·
1068 1663 1168 1703 edit.
1199 1665 1339 1704 Oxon.
1377 1665 1532 1716 (Paris.

135 1753 179 1791 p.
202 1739 302 1790 167.)
335 1738 469 1789 (Vide
490 1751 618 1790 supra
638 1741 674 1790 ᾗ.
694 1738 746 1777 ΙΙ.
768 1746 860 1777 not.
880 1735 920 1775 h.
939 1739 986 1775 in
1007 1739 1346 1790 commentario.)
1397 1738 1450 1777 Et
1471 1748 1534 1777 ta-

136 1824 240 1850 men
266 1809 548 1850 Archilochus
576 1814 654 1856 iste
691 1825 741 1850 ex
775 1819 908 1862 poeta
933 1819 1115 1860 repente
1141 1810 1277 1850 factus
1307 1811 1531 1851 historicus

138 1886 240 1922 citat
258 1884 498 1930 Mnaseam,
519 1886 594 1936 qui
613 1883 691 1922 sub
707 1882 957 1922 Ptolemaeo
980 1881 1205 1937 Physcone
1223 1886 1390 1935 scripsit
1410 1887 1532 1923 annIs

136 1966 235 2008 post
278 1955 565 2010 olympiadem
605 1955 763 1995 XXIII.
814 1954 995 2005 amplius
1042 1958 1303 2010 quingentis.
1363 1956 1418 1995 Et
1450 1970 1532 2009 pro

136 2029 319 2068 Mnasea
363 2030 558 2068 Maseam
606 2029 795 2080 appellat
830 2028 998 2067 Annius
1045 2041 1095 2066 ex
1131 2039 1335 2081 corrupto
1370 2029 1533 2078 latinae

139 2103 347 2140 versionis
392 2104 698 2153 antiquitatum
736 2095 912 2148 codice,
963 2112 1014 2138 ex
1057 2114 1146 2153 quo
1183 2102 1533 2141 etiamridicule

140 2174 366 2213 Mnaseam
401 2174 506 2213 fecit
530 2173 795 2214 Phoenicem
820 2173 1164 2223 Damascenum,
1202 2189 1298 2213 curn
1326 2175 1456 2214 fuerit
1485 2188 1534 2213 ex

137 2246 269 2300 Lycia
289 2247 542 2286 patarensis.
594 2247 681 2286 Sed
699 2250 745 2285 in
766 2245 919 2285 codice
946 2244 1024 2285 illo
1057 2245 1187 2285 verba
1218 2247 1432 2299 quaedam
1466 2261 1536 2286 ex-

141 2319 358 2364 ciderant,
389 2319 512 2371 quod
529 2319 676 2359 Annio
705 2319 849 2360 fraudi
877 2319 973 2358 fuit.
1025 2319 1136 2357 Nam
1165 2321 1283 2371 apud
1299 2319 1535 2372 Iosephum

137 2395 185 2434 L.
204 2396 237 2434 Ι.
258 2396 576 2447 Antiquitatum
596 2396 643 2435 C.
664 2401 702 2447 4.
724 2407 809 2436 est:
847 2390 1055 2442 Μνασέας
1077 2407 1127 2434 τε
1149 2390 1222 2434 καὶ
1255 2391 1392 2437 ἄλλοι
1413 2392 1535 2436 πλεῖ·

139 2483 226 2518 ους,
256 2466 330 2510 καὶ
351 2467 572 2522 Νικόλαος
598 2469 643 2512 δὲ
664 2469 686 2513 ὁ
711 2468 1002 2527 Δαμασκηνὸς
1025 2468 1069 2512 ἐν
1097 2470 1156 2526 τῆ
1187 2468 1440 2529 ἒννενηκοςῆ
1460 2467 1535 2511 καὶ

141 2543 249 2601 ἕκτη
270 2544 428 2600 ’βίβλῳ
454 2546 585 2604 ἱςορεῖ
626 2572 682 2580 -
741 2553 942 2592 Mnaseas
978 2562 1021 2592 et
1052 2553 1125 2592 alii
1150 2553 1319 2606 plures,
1357 2555 1464 2605 quin
1496 2560 1539 2590 et

142 2622 350 2661 Nicolaus
388 2623 684 2664 Damascenus
722 2625 834 2665 libro
881 2629 1168 2679 nonagesimo
1217 2634 1336 2666 sexto
1378 2633 1537 2663 narrat.

144 2695 260 2734 Hinc
279 2704 413 2747 patet,
441 2696 560 2735 unde
578 2698 779 2737 Mnaseas
799 2712 849 2738 ex
866 2699 1087 2738 Patarensi
1105 2698 1224 2739 illico
1243 2698 1539 2737 Damascenus

150 2776 194 2806 et
239 2766 468 2807 Librorum
508 2768 648 2809 XCVI
690 2779 841 2810 auctor
884 2774 1111 2820 exstiterit,
1159 2785 1270 2824 quos
1315 2783 1543 2824 nunquam
