1846 3308
766 325 832 332 -—-
901 313 1000 344 212
1069 324 1138 332 --·

847 436 1062 495 Χονιῌ.

258 547 518 621 Ἀμυδρὰν
567 545 781 618 χοιράὸ’
829 537 1214 610 ἐξαλευᾶμενος.

264 777 424 822 Grave
466 770 661 818 malum
709 767 888 831 (quasi
935 782 1140 814 coecum
1177 767 1233 814 in
1278 766 1405 814 mari
1449 769 1669 828 saxum)

1037 857 1244 906 evitans.

361 1084 586 1124 Scholiast.
617 1082 827 1125 Nicandri
855 1097 893 1123 v.
912 1086 976 1134 54.
1003 1075 1056 1121 τὸ
1078 1075 1122 1120 δὲ
1146 1075 1338 1135 ἀμυδρὸν
1361 1076 1457 1122 ἀντὶ
1475 1076 1555 1121 τοῦ
1577 1092 1665 1133 χα-
1695 1122 1699 1129 2

264 1157 400 1202 λεπὸν
437 1156 511 1200 καὶ
548 1155 650 1213 παρ’
676 1156 940 1214 Ἀρχιλόχῳ
979 1153 1161 1214 εὕρηται
1204 1156 1391 1199 εἰπόντι·
1443 1153 1663 1212 Ἀμυδράν

263 1254 314 1293 χ.
338 1235 369 1278 ἒ.
394 1235 598 1291 Χοιρὰδες
625 1250 785 1288 autem,
821 1248 930 1278 teste
950 1236 1186 1290 Hesychio,
1218 1249 1329 1290 sunt
1346 1236 1391 1277 αἱ
1417 1233 1663 1290 ἐγκείμεναι

263 1315 445 1372 πέτραι·
476 1314 550 1357 καὶ
577 1312 720 1363 πάθος
743 1329 786 1355 τι
817 1312 966 1355 δεινόν.
1016 1315 1143 1367 Quae
1169 1320 1386 1369 posterior
1411 1314 1663 1370 significatio

265 1397 390 1436 huius
408 1396 497 1436 loci
517 1409 607 1435 esse
629 1395 813 1442 videtur,
842 1398 944 1447 quia
965 1388 1166 1447 ἂμυδρὸς,
1189 1403 1399 1434 monente
1419 1392 1664 1441 scholiaste,

266 1473 337 1513 hic
362 1476 448 1513 vim
475 1468 554 1512 τοῦ
586 1465 790 1524 χαλεπὸς
819 1471 976 1521 habet,
1008 1473 1130 1526 quod
1156 1466 1306 1515 πάθει,
1333 1474 1361 1510 i.
1391 1484 1428 1510 e.
1456 1470 1572 1510 malo
1600 1470 1669 1509 vel

269 1550 386 1587 casui
412 1549 529 1602 gravi
550 1556 593 1585 et
611 1545 803 1593 infelici,
830 1558 924 1585 non
948 1555 1093 1585 autem
1123 1559 1224 1585 saxo
1259 1546 1475 1584 convenit.
1528 1544 1670 1582 Meta-

267 1619 448 1673 phorice
483 1622 615 1674 igitur
650 1618 822 1658 locutus
864 1628 927 1659 est
961 1617 1271 1666 Archilochus,
1299 1619 1526 1656 saxum,in
1562 1619 1670 1655 mari

271 1706 477 1740 coecum,
506 1691 693 1740 scilicet,
724 1690 846 1744 quod
864 1701 1023 1731 nautae
1041 1690 1120 1730 sub
1142 1693 1262 1742 aquis
1281 1689 1446 1738 latens,
1470 1690 1540 1728 vel
1557 1692 1672 1729 inter

271 1764 476 1803 tenebras
498 1768 761 1817 tempestatis
781 1778 875 1804 non
895 1764 1044 1804 vident
1054 1792 1068 1812 ,
1099 1763 1242 1803 donec
1263 1765 1383 1801 navis
1415 1761 1471 1801 ad
1490 1762 1537 1800 id
1564 1775 1673 1801 nau-

269 1842 411 1896 fragio
449 1841 554 1880 elisa
579 1845 718 1894 perit,
756 1842 916 1883 malum
954 1854 1081 1896 grave
1108 1853 1280 1879 vocans.
1344 1839 1454 1878 Nam
1485 1833 1674 1888 ἂμυδρὸς

273 1923 404 1959 etiam
425 1933 450 1957 a
474 1919 608 1959 Suida
628 1929 672 1959 et
696 1917 916 1973 Hesychio
947 1914 1144 1969 ἀφανὴς,
1176 1911 1396 1963 σκοτεινὸς
1424 1918 1673 1969 explicatur.

273 1990 560 2044 Metaphorae
580 1992 676 2032 loco
695 1991 918 2047 Theognis
938 2006 976 2032 v.
994 1994 1083 2045 589.
1103 1994 1336 2046 imaginem
1357 1989 1470 2029 hanc
1487 1991 1543 2030 ad
1561 1993 1675 2030 simi-

273 2065 505 2105 litudinem
532 2064 733 2105 adhibet:

685 2186 740 2194 —
773 2185 825 2193 -—
852 2161 975 2205 Ἐπεὶ
1004 2162 1082 2206 τόν
1112 2160 1153 2218 γ’
1183 2159 1352 2218 ἐχθρὸν
1384 2156 1591 2210 ἂλεῢμαι,

515 2234 633 2291 “ss58
662 2239 932 2296 κυβερνήτης
971 2238 1185 2297 χοιράδας
1221 2235 1426 2289 εἰναλίας.

390 2330 849 2394 Ἐξαλευάμενος.
903 2340 1089 2398 Hesych.
1119 2331 1416 2388 ἐξαλέασθαι,
1447 2333 1675 2378 ἐκκλίνειν.

280 2420 350 2458 Sic
370 2419 498 2459 Hom.
531 2419 580 2457 Il.
602 2429 638 2456 σ.
668 2434 705 2458 v.
730 2421 817 2464 556.
844 2414 1055 2471 ’Ῑςάμενοι
1078 2413 1121 2456 δε)
1148 2414 1257 2473 μάλ’
1279 2412 1407 2470 ἐγγὺς
1442 2409 1677 2460 ὑλάκτεον,

282 2491 332 2535 ἔκ
361 2492 400 2536 τ’
430 2488 629 2536 ἀλέοντο.
672 2498 787 2536 Alias
817 2496 1032 2535 Homerus
1061 2497 1241 2549 simplex
1268 2496 1528 2548 frequentat.
1556 2495 1604 2534 ΙΙ.
1633 2506 1677 2547 γ.

283 2570 357 2612 καὶ
399 2568 593 2613 ἀλεύατο
634 2571 746 2628 κῆρα
787 2568 1014 2628 μέλαιναν.
1052 2572 1195 2613 Schol.
1225 2563 1470 2618 ἐξέκλινεν,
1508 2565 1681 2622 ἐφυλά·

282 2642 410 2696 ξατο.
450 2666 493 2695 et
527 2654 576 2694 Il.
608 2666 640 2692 ε.
677 2657 767 2740 444.
803 2648 930 2706 μῆνιν
963 2645 1231 2705 ἀλευάμενος
1261 2662 1300 2689 κ.
1335 2662 1373 2688 τ
1407 2644 1451 2687 λ.
1506 2645 1679 2687 Hesiod,

276 2720 400 2781 ’'Epy.
426 2746 509 2771 100.
539 2725 677 2780 οὕτως
699 2722 798 2770 ου’τι
819 2740 905 2769 που
927 2724 986 2778 ἐςι
1011 2725 1113 2778 Διὸς
1141 2725 1238 2768 νόον
1262 2719 1549 2776 ἐξαλέασθαι.
1575 2728 1679 2765 item

283 2804 440 2853 V·,756
480 2811 568 2850 800-
