1846 3308
674 307 742 317 --
817 287 911 333 125
981 304 1046 312 ..-

796 416 946 460 XLII.

165 518 453 583 Ἔλπομαι,
489 513 719 573 πολλοὺς
740 509 829 576 μὲν
860 509 1037 560 αὐτῶν
1070 511 1258 583 σείριος
1288 507 1574 561 καταπνεῖ

169 605 320 668 Ὀξὺς
356 603 649 669 ἐλλάμπων.
686 630 753 640 --
787 628 855 638 .-
889 629 957 638 ..-

176 785 354 844 Spero,
390 777 674 840 complures
711 792 890 823 eorum
921 774 1071 822 sirius
1106 785 1332 822 tosturus
1369 785 1445 821 est

175 871 409 919 Emicans
439 878 638 915 acutus.
670 892 738 902 —
772 892 840 902 —
873 893 942 902 —-

280 1031 452 1072 (anck
474 1030 578 1060 Anal.
602 1030 639 1058 Τ.
660 1029 687 1058 1.
708 1038 741 1067 p.
758 1030 806 1064 47.
830 1025 873 1056 fr.
893 1030 941 1063 42.
965 1028 1086 1059 Iacobs
1106 1028 1146 1057 V.
1168 1029 1195 1057 1.
1218 1030 1253 1058 P.
1268 1030 1295 1058 1.
1317 1039 1350 1068 p.
1374 1029 1466 1068 176.)

276 1093 530 1136 Plutarchus
564 1094 618 1132 T.
639 1092 752 1131 VIII.
790 1093 980 1147 Sympos.
1018 1091 1066 1131 L.
1092 1091 1165 1131 111.
1203 1105 1246 1144 p.
1270 1093 1359 1133 611.
1408 1090 1489 1132 Ἐκ
1528 1089 1574 1134 δὲ

172 1169 348 1214 τούτων
379 1166 571 1225 φανερὸν
604 1160 714 1209 εἶναι
746 1164 800 1208 τὸ
833 1162 1116 1223 ζητούμενον.
1155 1164 1235 1221 τὴν
1267 1165 1352 1222 γὰρ
1387 1166 1573 1224 σελήνην
1601 1168 1605 1171 ’

178 1245 318 1305 ἢρέμα
339 1244 635 1302 χλιαίνουσαν
657 1243 930 1299 ἀνυγραίνειν
951 1242 1010 1285 τὰ
1032 1243 1219 1301 σώματα
1234 1258 1245 1268 ·
1282 1243 1360 1286 τὸν
1382 1244 1424 1286 δὲ
1447 1243 1575 1300 ἥλιον

179 1322 445 1382 ἀναρπάζειν
467 1320 648 1381 μᾶλλον
676 1322 726 1364 ἐκ
754 1321 844 1363 τῶν
877 1320 1095 1377 σωμάτων
1116 1319 1168 1363 τὸ
1194 1322 1368 1379 νοτερὸν
1399 1322 1468 1365 διὰ
1494 1324 1575 1379 τὴν

179 1397 389 1456 πύρωσιν.
419 1398 525 1456 πρὸς
545 1395 573 1442 ὅ
592 1398 667 1442 καὶ
691 1397 768 1441 τὸν
802 1395 1080 1455 ’Δρχίλοχον
1114 1399 1327 1453 εἰρηκέναι
1351 1400 1576 1451 Φυσικῶς·

171 1475 431 1557 Ἕλπομαι,
469 1474 669 1527 πολλοὺς
702 1476 782 1532 μὲν
811 1491 851 1516 κ.
878 1491 919 1517 τ.
945 1473 988 1518 λ.
1041 1481 1216 1519 Brunck
1241 1481 1270 1520 l.
1293 1495 1328 1519 c.
1359 1480 1444 1521 hoc
1462 1483 1578 1536 frag-

180 1565 377 1596 mentum
404 1553 461 1593 ad
478 1553 673 1593 Iambum
690 1563 886 1593 revocat:

403 1651 459 1660 -.
511 1651 567 1661 -.
620 1651 676 1659 -
722 1622 970 1682 Ἕλπομαι.

405 1701 617 1753 Πολλοὺς
648 1719 695 1759 μ.
725 1719 767 1744 α.
798 1717 836 1745 σ.
867 1719 909 1745 κ.

406 1776 538 1832 ’oiim
567 1779 826 1837 ἐλλάμπων.
856 1805 912 1812 —

189 1860 268 1900 sed
292 1874 342 1899 ex
361 1859 509 1898 ultima
530 1868 676 1910 parte,
706 1872 819 1910 quae
846 1862 1015 1898 initium
1048 1859 1313 1899 trochaicum
1343 1861 1466 1908 facit,
1492 1874 1582 1899 rna-

187 1934 393 1972 nifestum
424 1941 509 1980 est,
546 1931 602 1970 ad
630 1940 861 1970 tetrametr.
892 1932 1171 1971 referendum
1202 1947 1317 1981 esse,
1356 1943 1403 1971 ut
1429 1932 1581 1973 Iacobs

195 2005 407 2045 observat.

288 2075 522 2136 Σείριος.
570 2077 874 2120 Archilochum
894 2093 972 2131 per
990 2082 1133 2118 sirium
1153 2081 1412 2133 intellexisse
1428 2082 1582 2130 solem,

190 2166 311 2208 patet
336 2159 421 2194 iam
450 2169 499 2194 ex
526 2153 743 2193 Plutarchi
772 2153 889 2193 loco.
948 2154 999 2191 Id
1028 2152 1252 2192 confirmat
1281 2153 1517 2208 Hesychius
1544 2169 1585 2194 v.

193 2228 385 2286 Σείριος·
427 2227 449 2271 ὁ
484 2225 608 2284 ἥλιος
638 2226 714 2269 καὶ
745 2225 766 2270 ὁ
797 2226 877 2269 τοῦ
913 2225 1038 2278 κυνὸς
1074 2225 1193 2284 ἁςήρ.
1262 2228 1420 2286 σειρίου
1459 2228 1589 2280 κυνὸς

195 2305 329 2360 δίκην.
389 2304 635 2360 Σοφοκλῆς
673 2305 750 2348 τὸν
789 2303 955 2361 ἂςρῶον
998 2301 1125 2346 κύνα.
1184 2304 1206 2347 ὁ
1239 2303 1283 2347 δὲ
1311 2304 1588 2362 Ἀρχίλοχος

193 2381 273 2425 τὸν
292 2380 432 2439 ἥλιον.
494 2386 565 2425 De
590 2385 685 2425 sole
713 2389 815 2425 sirio
842 2386 941 2424 vide
967 2386 1157 2426 Suidam.
1219 2386 1317 2426 Hoc
1344 2401 1472 2426 sensu
1501 2392 1587 2425 iam

198 2467 325 2503 etiam
373 2463 586 2503 Hesiodus
634 2476 734 2502 usus
778 2473 842 2502 est
875 2455 1003 2516 ἽΞργ.
1038 2468 1127 2514 415.
1175 2468 1372 2503 autumni
1419 2475 1587 2516 tempus

201 2536 468 2576 describens:

526 2633 583 2641 ——
611 2634 667 2641 —
694 2633 751 2640 —
782 2609 847 2664 Δὴ
877 2609 962 2666 γὰρ
992 2610 1096 2652 τότε
1126 2610 1278 2665 σείριος
1311 2609 1415 2667 ἂςὴρ

357 2684 491 2727 Βαιὸν
522 2683 628 2743 ὑπὲρ
656 2685 859 2741 κεφαλῆς
888 2687 1187 2743 κηριτρεφέων
1220 2687 1463 2742 ἀνθρώπων

349 2757 568 2819 Ἔρχεται
598 2759 801 2819 ἠμάτιος.
832 2763 995 2807 πλείων
1027 2765 1072 2806 δὲ
1102 2780 1151 2807 τε
1180 2763 1337 2814 νυκτὸς
1366 2762 1556 2821 ἐπαυρεῖ.
