<?xml version="1.0" encoding="UTF-8"?>
<!DOCTYPE html PUBLIC "-//W3C//DTD XHTML 1.0 Transitional//EN"
    "http://www.w3.org/TR/xhtml1/DTD/xhtml1-transitional.dtd">
<html xmlns="http://www.w3.org/1999/xhtml" xml:lang="en" lang="en">
 <head>
  <title>
</title>
<meta http-equiv="Content-Type" content="text/html;charset=utf-8" />
  <meta name='ocr-system' content='tesseract 3.04.00' />
  <meta name='ocr-capabilities' content='ocr_page ocr_carea ocr_par ocr_line ocrx_word'/>
</head>
<body>
  <div class='ocr_page' id='page_1' title='image "./iambographorumpr00archuoft_0075.png"; bbox 0 0 1846 3308; ppageno 0'>
   <div class='ocr_carea' id='block_1_1' title="bbox 271 448 1000 565">
    <p class='ocr_par' dir='ltr' id='par_1_1' title="bbox 271 448 1000 565">
     <span class='ocr_line' id='line_1_1' title="bbox 272 448 1000 497; baseline -0.005 -10"><span class='ocrx_word' id='word_1_1' title='bbox 272 453 309 497; x_wconf 90' lang='lat' dir='ltr'>e)</span> <span class='ocrx_word' id='word_1_2' title='bbox 329 452 488 489; x_wconf 87' lang='lat' dir='ltr'>Homer.</span> <span class='ocrx_word' id='word_1_3' title='bbox 513 451 558 486; x_wconf 84' lang='grc' dir='ltr'>ΙΙ.</span> <span class='ocrx_word' id='word_1_4' title='bbox 582 459 606 497; x_wconf 84' lang='grc' dir='ltr'><strong>β</strong></span> <span class='ocrx_word' id='word_1_5' title='bbox 624 456 705 495; x_wconf 81' lang='lat'><strong>323.</strong></span> <span class='ocrx_word' id='word_1_6' title='bbox 727 466 756 495; x_wconf 88' lang='grc' dir='ltr'>μ</span> <span class='ocrx_word' id='word_1_7' title='bbox 777 461 855 484; x_wconf 87' lang='lat'><strong>100.</strong></span> <span class='ocrx_word' id='word_1_8' title='bbox 878 449 901 490; x_wconf 84' lang='grc' dir='ltr'>ξ</span> <span class='ocrx_word' id='word_1_9' title='bbox 921 448 1000 491; x_wconf 78' lang='grc'><strong>464.</strong></span> 
     </span>
     <span class='ocr_line' id='line_1_2' title="bbox 271 517 858 565; baseline -0.005 -10"><span class='ocrx_word' id='word_1_10' title='bbox 271 518 304 564; x_wconf 84' lang='lat' dir='ltr'>f)</span> <span class='ocrx_word' id='word_1_11' title='bbox 326 520 445 554; x_wconf 83' lang='lat' dir='ltr'>Dares</span> <span class='ocrx_word' id='word_1_12' title='bbox 463 518 601 565; x_wconf 78' lang='lat' dir='ltr'><strong>Phryg.</strong></span> <span class='ocrx_word' id='word_1_13' title='bbox 626 517 716 565; x_wconf 79' lang='lat' dir='ltr'>cap.</span> <span class='ocrx_word' id='word_1_14' title='bbox 731 518 858 553; x_wconf 86' lang='lat' dir='ltr'><strong>XVII.</strong></span> 
     </span>
    </p>
   </div>
   <div class='ocr_carea' id='block_1_2' title="bbox 272 585 1299 700">
    <p class='ocr_par' dir='ltr' id='par_1_2' title="bbox 272 585 1299 700">
     <span class='ocr_line' id='line_1_3' title="bbox 272 585 650 635; baseline -0.003 -14"><span class='ocrx_word' id='word_1_15' title='bbox 272 589 315 635; x_wconf 88' lang='lat' dir='ltr'>g)</span> <span class='ocrx_word' id='word_1_16' title='bbox 334 586 439 621; x_wconf 86' lang='lat' dir='ltr'>Idem</span> <span class='ocrx_word' id='word_1_17' title='bbox 458 586 547 634; x_wconf 81' lang='lat' dir='ltr'>cap.</span> <span class='ocrx_word' id='word_1_18' title='bbox 562 585 650 620; x_wconf 87' lang='lat' dir='ltr'>XX.</span> 
     </span>
     <span class='ocr_line' id='line_1_4' title="bbox 272 648 1299 700; baseline -0.004 -12"><span class='ocrx_word' id='word_1_19' title='bbox 272 653 319 700; x_wconf 89' lang='lat' dir='ltr'>h)</span> <span class='ocrx_word' id='word_1_20' title='bbox 339 653 413 690; x_wconf 85' lang='lat' dir='ltr'><strong>Iul.</strong></span> <span class='ocrx_word' id='word_1_21' title='bbox 431 652 597 689; x_wconf 76' lang='lat' dir='ltr'>Afn‘can.</span> <span class='ocrx_word' id='word_1_22' title='bbox 614 651 657 685; x_wconf 84' lang='lat' dir='ltr'>in</span> <span class='ocrx_word' id='word_1_23' title='bbox 676 649 811 686; x_wconf 84' lang='lat' dir='ltr'><strong>chron.</strong></span> <span class='ocrx_word' id='word_1_24' title='bbox 829 648 968 685; x_wconf 85' lang='lat' dir='ltr'>Euseb.</span> <span class='ocrx_word' id='word_1_25' title='bbox 991 662 1010 682; x_wconf 82' lang='lat' dir='ltr'>a</span> <span class='ocrx_word' id='word_1_26' title='bbox 1031 649 1221 697; x_wconf 84' lang='lat' dir='ltr'>Scaligero</span> <span class='ocrx_word' id='word_1_27' title='bbox 1241 649 1299 687; x_wconf 85' lang='lat' dir='ltr'>ed.</span> 
     </span>
    </p>
   </div>
   <div class='ocr_carea' id='block_1_3' title="bbox 182 718 1575 893">
    <p class='ocr_par' dir='ltr' id='par_1_3' title="bbox 182 718 1575 893">
     <span class='ocr_line' id='line_1_5' title="bbox 270 718 650 768; baseline -0.003 -12"><span class='ocrx_word' id='word_1_28' title='bbox 270 721 305 766; x_wconf 88' lang='lat' dir='ltr'>i)</span> <span class='ocrx_word' id='word_1_29' title='bbox 324 720 423 759; x_wconf 87' lang='lat' dir='ltr'><strong>Vide</strong></span> <span class='ocrx_word' id='word_1_30' title='bbox 440 719 573 768; x_wconf 80' lang='lat' dir='ltr'><strong>fragm.</strong></span> <span class='ocrx_word' id='word_1_31' title='bbox 590 718 650 762; x_wconf 84' lang='lat'><strong>86.</strong></span> 
     </span>
     <span class='ocr_line' id='line_1_6' title="bbox 272 784 1575 836; baseline -0.002 -13"><span class='ocrx_word' id='word_1_32' title='bbox 272 786 317 834; x_wconf 65' lang='grc' dir='ltr'>Β)</span> <span class='ocrx_word' id='word_1_33' title='bbox 334 787 482 836; x_wconf 83' lang='lat' dir='ltr'><strong>„Apud</strong></span> <span class='ocrx_word' id='word_1_34' title='bbox 507 785 784 822; x_wconf 86' lang='lat' dir='ltr'><strong>Archilochum</strong></span> <span class='ocrx_word' id='word_1_35' title='bbox 815 797 885 834; x_wconf 86' lang='lat' dir='ltr'>ego</span> <span class='ocrx_word' id='word_1_36' title='bbox 914 796 979 819; x_wconf 86' lang='lat' dir='ltr'>ero</span> <span class='ocrx_word' id='word_1_37' title='bbox 1008 784 1274 832; x_wconf 82' lang='lat' dir='ltr'>argentarium.</span> <span class='ocrx_word' id='word_1_38' title='bbox 1294 786 1348 821; x_wconf 91' lang='lat' dir='ltr'>D.</span> <span class='ocrx_word' id='word_1_39' title='bbox 1368 786 1515 835; x_wconf 84' lang='lat' dir='ltr'>Nempe</span> <span class='ocrx_word' id='word_1_40' title='bbox 1533 787 1575 821; x_wconf 85' lang='lat' dir='ltr'>in</span> 
     </span>
     <span class='ocr_line' id='line_1_7' title="bbox 182 851 1091 893; baseline -0.003 -2"><span class='ocrx_word' id='word_1_41' title='bbox 182 855 281 893; x_wconf 79' lang='lat' dir='ltr'><strong>foro.</strong></span> <span class='ocrx_word' id='word_1_42' title='bbox 293 862 319 877; x_wconf 89' lang='lat'><strong>“</strong></span> <span class='ocrx_word' id='word_1_43' title='bbox 347 855 417 890; x_wconf 84' lang='lat' dir='ltr'>ubi</span> <span class='ocrx_word' id='word_1_44' title='bbox 437 864 561 890; x_wconf 84' lang='lat' dir='ltr'>tamen</span> <span class='ocrx_word' id='word_1_45' title='bbox 581 853 649 889; x_wconf 85' lang='lat' dir='ltr'>alii</span> <span class='ocrx_word' id='word_1_46' title='bbox 665 852 921 889; x_wconf 77' lang='lat' dir='ltr'><strong>Archibulum</strong></span> <span class='ocrx_word' id='word_1_47' title='bbox 938 851 1091 888; x_wconf 80' lang='lat' dir='ltr'>habent.</span> 
     </span>
    </p>
   </div>
   <div class='ocr_carea' id='block_1_4' title="bbox 756 1061 999 1126">
    <p class='ocr_par' dir='ltr' id='par_1_4' title="bbox 756 1061 999 1126">
     <span class='ocr_line' id='line_1_8' title="bbox 756 1061 999 1126; baseline -0.004 -16"><span class='ocrx_word' id='word_1_48' title='bbox 756 1061 799 1126; x_wconf 61' lang='grc' dir='ltr'>ξ.</span> <span class='ocrx_word' id='word_1_49' title='bbox 844 1066 999 1110; x_wconf 83' lang='lat' dir='ltr'>xxn.</span> 
     </span>
    </p>
   </div>
   <div class='ocr_carea' id='block_1_5' title="bbox 179 1149 1611 2662">
    <p class='ocr_par' dir='ltr' id='par_1_5' title="bbox 179 1149 1611 2662">
     <span class='ocr_line' id='line_1_9' title="bbox 277 1149 1575 1207; baseline 0.002 -16"><span class='ocrx_word' id='word_1_50' title='bbox 277 1153 535 1207; x_wconf 81' lang='lat' dir='ltr'>Fragmenta</span> <span class='ocrx_word' id='word_1_51' title='bbox 552 1149 802 1191; x_wconf 86' lang='lat' dir='ltr'><strong>Archilochi</strong></span> <span class='ocrx_word' id='word_1_52' title='bbox 827 1164 921 1190; x_wconf 89' lang='lat' dir='ltr'>non</span> <span class='ocrx_word' id='word_1_53' title='bbox 949 1151 1051 1189; x_wconf 86' lang='lat' dir='ltr'>dum</span> <span class='ocrx_word' id='word_1_54' title='bbox 1075 1164 1269 1190; x_wconf 89' lang='lat' dir='ltr'>seorsum</span> <span class='ocrx_word' id='word_1_55' title='bbox 1294 1165 1441 1205; x_wconf 87' lang='lat' dir='ltr'>neque</span> <span class='ocrx_word' id='word_1_56' title='bbox 1464 1156 1575 1193; x_wconf 84' lang='lat' dir='ltr'>inte-</span> 
     </span>
     <span class='ocr_line' id='line_1_10' title="bbox 182 1224 1576 1281; baseline 0.001 -17"><span class='ocrx_word' id='word_1_57' title='bbox 182 1239 257 1281; x_wconf 85' lang='lat' dir='ltr'>gra</span> <span class='ocrx_word' id='word_1_58' title='bbox 285 1239 369 1264; x_wconf 90' lang='lat' dir='ltr'>nec</span> <span class='ocrx_word' id='word_1_59' title='bbox 400 1239 496 1263; x_wconf 89' lang='lat' dir='ltr'>cum</span> <span class='ocrx_word' id='word_1_60' title='bbox 523 1235 719 1264; x_wconf 84' lang='lat' dir='ltr'>veterum</span> <span class='ocrx_word' id='word_1_61' title='bbox 752 1224 808 1262; x_wconf 88' lang='lat' dir='ltr'>de</span> <span class='ocrx_word' id='word_1_62' title='bbox 841 1234 975 1276; x_wconf 87' lang='lat' dir='ltr'>poeta</span> <span class='ocrx_word' id='word_1_63' title='bbox 1014 1226 1269 1262; x_wconf 83' lang='lat' dir='ltr'>testimoniis</span> <span class='ocrx_word' id='word_1_64' title='bbox 1305 1225 1420 1264; x_wconf 87' lang='lat' dir='ltr'>edita</span> <span class='ocrx_word' id='word_1_65' title='bbox 1452 1237 1576 1273; x_wconf 88' lang='lat' dir='ltr'>sunt;</span> 
     </span>
     <span class='ocr_line' id='line_1_11' title="bbox 179 1296 1578 1352; baseline 0.001 -14"><span class='ocrx_word' id='word_1_66' title='bbox 179 1312 279 1352; x_wconf 79' lang='lat' dir='ltr'>pars</span> <span class='ocrx_word' id='word_1_67' title='bbox 308 1309 455 1337; x_wconf 90' lang='lat' dir='ltr'>tamen</span> <span class='ocrx_word' id='word_1_68' title='bbox 484 1311 635 1337; x_wconf 88' lang='lat' dir='ltr'>eorum</span> <span class='ocrx_word' id='word_1_69' title='bbox 671 1300 817 1336; x_wconf 88' lang='lat' dir='ltr'>minor</span> <span class='ocrx_word' id='word_1_70' title='bbox 847 1300 1038 1335; x_wconf 90' lang='lat' dir='ltr'>maiorve</span> <span class='ocrx_word' id='word_1_71' title='bbox 1070 1296 1252 1335; x_wconf 82' lang='lat' dir='ltr'><strong>collecta</strong></span> <span class='ocrx_word' id='word_1_72' title='bbox 1280 1307 1324 1336; x_wconf 88' lang='lat' dir='ltr'>et</span> <span class='ocrx_word' id='word_1_73' title='bbox 1350 1301 1465 1338; x_wconf 87' lang='lat' dir='ltr'>inter</span> <span class='ocrx_word' id='word_1_74' title='bbox 1494 1301 1578 1340; x_wconf 86' lang='lat' dir='ltr'>alia</span> 
     </span>
     <span class='ocr_line' id='line_1_12' title="bbox 184 1354 1581 1434; baseline 0.001 -24"><span class='ocrx_word' id='word_1_75' title='bbox 184 1374 374 1410; x_wconf 84' lang='lat' dir='ltr'>carmina</span> <span class='ocrx_word' id='word_1_76' title='bbox 411 1370 584 1424; x_wconf 87' lang='lat' dir='ltr'>vulgata</span> <span class='ocrx_word' id='word_1_77' title='bbox 596 1398 620 1434; x_wconf 76' lang='lat'>³.</span> <span class='ocrx_word' id='word_1_78' title='bbox 659 1369 713 1408; x_wconf 86' lang='lat' dir='ltr'>ab</span> <span class='ocrx_word' id='word_1_79' title='bbox 741 1354 918 1408; x_wconf 72' lang='lat' dir='ltr'>Henric.</span> <span class='ocrx_word' id='word_1_80' title='bbox 949 1368 1170 1420; x_wconf 89' lang='lat' dir='ltr'>Stephano</span> <span class='ocrx_word' id='word_1_81' title='bbox 1198 1373 1311 1408; x_wconf 87' lang='lat' dir='ltr'>inter</span> <span class='ocrx_word' id='word_1_82' title='bbox 1335 1382 1488 1423; x_wconf 84' lang='lat' dir='ltr'>poetas</span> <span class='ocrx_word' id='word_1_83' title='bbox 1517 1374 1581 1428; x_wconf 83' lang='lat' dir='ltr'>ly-</span> 
     </span>
     <span class='ocr_line' id='line_1_13' title="bbox 180 1442 1580 1496; baseline 0.001 -13"><span class='ocrx_word' id='word_1_84' title='bbox 180 1447 294 1484; x_wconf 93' lang='lat' dir='ltr'>ricos</span> <span class='ocrx_word' id='word_1_85' title='bbox 326 1458 369 1496; x_wconf 90' lang='lat' dir='ltr'>p.</span> <span class='ocrx_word' id='word_1_86' title='bbox 389 1445 503 1494; x_wconf 49' lang='lat'>376„</span> <span class='ocrx_word' id='word_1_87' title='bbox 527 1444 627 1494; x_wconf 77' lang='lat'><strong>426,</strong></span> <span class='ocrx_word' id='word_1_88' title='bbox 662 1447 751 1494; x_wconf 77' lang='lat'><strong>459.</strong></span> <span class='ocrx_word' id='word_1_89' title='bbox 812 1442 864 1480; x_wconf 87' lang='lat' dir='ltr'>In</span> <span class='ocrx_word' id='word_1_90' title='bbox 885 1442 1158 1482; x_wconf 85' lang='lat' dir='ltr'>Frobeniana</span> <span class='ocrx_word' id='word_1_91' title='bbox 1187 1442 1448 1484; x_wconf 83' lang='lat' dir='ltr'>collectione</span> <span class='ocrx_word' id='word_1_92' title='bbox 1472 1447 1580 1485; x_wconf 89' lang='lat' dir='ltr'>Sen-</span> 
     </span>
     <span class='ocr_line' id='line_1_14' title="bbox 186 1515 1581 1567; baseline 0.001 -10"><span class='ocrx_word' id='word_1_93' title='bbox 186 1521 418 1557; x_wconf 87' lang='lat' dir='ltr'>tentiarum</span> <span class='ocrx_word' id='word_1_94' title='bbox 439 1516 655 1561; x_wconf 79' lang='lat' dir='ltr'>Basileae3</span> <span class='ocrx_word' id='word_1_95' title='bbox 684 1519 731 1554; x_wconf 88' lang='lat' dir='ltr'>in</span> <span class='ocrx_word' id='word_1_96' title='bbox 752 1529 936 1567; x_wconf 90' lang='lat' dir='ltr'><strong>corpore</strong></span> <span class='ocrx_word' id='word_1_97' title='bbox 955 1516 1186 1554; x_wconf 86' lang='lat' dir='ltr'>Poetarum</span> <span class='ocrx_word' id='word_1_98' title='bbox 1209 1515 1476 1556; x_wconf 85' lang='lat' dir='ltr'>Graecorum</span> <span class='ocrx_word' id='word_1_99' title='bbox 1497 1529 1581 1559; x_wconf 84' lang='lat' dir='ltr'>tra-</span> 
     </span>
     <span class='ocr_line' id='line_1_15' title="bbox 184 1586 1581 1644; baseline 0.001 -14"><span class='ocrx_word' id='word_1_100' title='bbox 184 1593 267 1644; x_wconf 86' lang='lat' dir='ltr'>gic.</span> <span class='ocrx_word' id='word_1_101' title='bbox 293 1592 444 1630; x_wconf 89' lang='lat' dir='ltr'>comic.</span> <span class='ocrx_word' id='word_1_102' title='bbox 465 1589 724 1643; x_wconf 83' lang='lat' dir='ltr'><strong>lyricorum,</strong></span> <span class='ocrx_word' id='word_1_103' title='bbox 756 1587 964 1627; x_wconf 85' lang='lat' dir='ltr'>Genevae</span> <span class='ocrx_word' id='word_1_104' title='bbox 993 1586 1102 1639; x_wconf 74' lang='lat'><strong>1614.</strong></span> <span class='ocrx_word' id='word_1_105' title='bbox 1152 1588 1352 1627; x_wconf 87' lang='lat' dir='ltr'>Tandem</span> <span class='ocrx_word' id='word_1_106' title='bbox 1379 1604 1404 1629; x_wconf 88' lang='lat' dir='ltr'>a</span> <span class='ocrx_word' id='word_1_107' title='bbox 1435 1591 1581 1631; x_wconf 88' lang='lat' dir='ltr'>claris-</span> 
     </span>
     <span class='ocr_line' id='line_1_16' title="bbox 185 1660 1583 1715; baseline 0.002 -14"><span class='ocrx_word' id='word_1_108' title='bbox 185 1665 294 1702; x_wconf 81' lang='lat' dir='ltr'>simo</span> <span class='ocrx_word' id='word_1_109' title='bbox 328 1662 504 1703; x_wconf 87' lang='lat' dir='ltr'><strong>Brunck</strong></span> <span class='ocrx_word' id='word_1_110' title='bbox 534 1665 582 1700; x_wconf 89' lang='lat' dir='ltr'>in</span> <span class='ocrx_word' id='word_1_111' title='bbox 609 1661 803 1700; x_wconf 82' lang='lat' dir='ltr'>Analect.</span> <span class='ocrx_word' id='word_1_112' title='bbox 833 1671 965 1699; x_wconf 82' lang='lat' dir='ltr'>veter.</span> <span class='ocrx_word' id='word_1_113' title='bbox 1000 1671 1229 1713; x_wconf 84' lang='lat' dir='ltr'>poetarum</span> <span class='ocrx_word' id='word_1_114' title='bbox 1258 1662 1309 1700; x_wconf 92' lang='lat' dir='ltr'>T.</span> <span class='ocrx_word' id='word_1_115' title='bbox 1336 1660 1369 1701; x_wconf 93' lang='lat' dir='ltr'><strong>I.</strong></span> <span class='ocrx_word' id='word_1_116' title='bbox 1407 1677 1450 1714; x_wconf 85' lang='lat' dir='ltr'><strong>p.</strong></span> <span class='ocrx_word' id='word_1_117' title='bbox 1470 1669 1509 1715; x_wconf 77' lang='grc'>4.</span> <span class='ocrx_word' id='word_1_118' title='bbox 1540 1675 1583 1704; x_wconf 90' lang='lat' dir='ltr'>et</span> 
     </span>
     <span class='ocr_line' id='line_1_17' title="bbox 186 1733 1581 1787; baseline 0.002 -13"><span class='ocrx_word' id='word_1_119' title='bbox 186 1735 323 1775; x_wconf 87' lang='lat' dir='ltr'><strong>T.111.</strong></span> <span class='ocrx_word' id='word_1_120' title='bbox 344 1749 387 1787; x_wconf 89' lang='lat' dir='ltr'>p.</span> <span class='ocrx_word' id='word_1_121' title='bbox 404 1736 442 1775; x_wconf 88' lang='lat'>6.</span> <span class='ocrx_word' id='word_1_122' title='bbox 463 1744 507 1774; x_wconf 86' lang='lat' dir='ltr'>et</span> <span class='ocrx_word' id='word_1_123' title='bbox 524 1735 613 1781; x_wconf 81' lang='lat'><strong>236.</strong></span> <span class='ocrx_word' id='word_1_124' title='bbox 640 1734 896 1782; x_wconf 83' lang='lat' dir='ltr'>lectionum,</span> <span class='ocrx_word' id='word_1_125' title='bbox 916 1747 1030 1786; x_wconf 87' lang='lat' dir='ltr'>quae</span> <span class='ocrx_word' id='word_1_126' title='bbox 1050 1733 1212 1772; x_wconf 84' lang='lat' dir='ltr'>deinde</span> <span class='ocrx_word' id='word_1_127' title='bbox 1236 1733 1407 1774; x_wconf 79' lang='lat' dir='ltr'>doctiss.</span> <span class='ocrx_word' id='word_1_128' title='bbox 1429 1737 1581 1776; x_wconf 86' lang='lat' dir='ltr'>Iacobs</span> 
     </span>
     <span class='ocr_line' id='line_1_18' title="bbox 186 1805 1582 1861; baseline 0.001 -14"><span class='ocrx_word' id='word_1_129' title='bbox 186 1810 235 1847; x_wconf 86' lang='lat' dir='ltr'>in</span> <span class='ocrx_word' id='word_1_130' title='bbox 263 1811 580 1847; x_wconf 82' lang='lat' dir='ltr'>commentariis</span> <span class='ocrx_word' id='word_1_131' title='bbox 610 1807 668 1846; x_wconf 81' lang='lat' dir='ltr'>ad</span> <span class='ocrx_word' id='word_1_132' title='bbox 698 1805 807 1846; x_wconf 90' lang='lat' dir='ltr'>haec</span> <span class='ocrx_word' id='word_1_133' title='bbox 836 1807 1046 1846; x_wconf 80' lang='lat' dir='ltr'>Analecta</span> <span class='ocrx_word' id='word_1_134' title='bbox 1082 1811 1254 1861; x_wconf 82' lang='lat' dir='ltr'>egregie</span> <span class='ocrx_word' id='word_1_135' title='bbox 1281 1808 1507 1847; x_wconf 89' lang='lat' dir='ltr'>illustravit</span> <span class='ocrx_word' id='word_1_136' title='bbox 1541 1820 1582 1848; x_wconf 88' lang='lat' dir='ltr'>et</span> 
     </span>
     <span class='ocr_line' id='line_1_19' title="bbox 187 1873 1581 1936; baseline 0.001 -16"><span class='ocrx_word' id='word_1_137' title='bbox 187 1883 316 1920; x_wconf 77' lang='lat' dir='ltr'>auxit.</span> <span class='ocrx_word' id='word_1_138' title='bbox 377 1873 413 1919; x_wconf 80' lang='lat' dir='ltr'><strong>E</strong></span> <span class='ocrx_word' id='word_1_139' title='bbox 440 1879 755 1920; x_wconf 86' lang='lat' dir='ltr'>recentioribus</span> <span class='ocrx_word' id='word_1_140' title='bbox 783 1880 840 1918; x_wconf 88' lang='lat' dir='ltr'>de</span> <span class='ocrx_word' id='word_1_141' title='bbox 859 1877 1120 1919; x_wconf 83' lang='lat' dir='ltr'><strong>Archilocho</strong></span> <span class='ocrx_word' id='word_1_142' title='bbox 1150 1891 1332 1934; x_wconf 83' lang='lat' dir='ltr'>egerunt</span> <span class='ocrx_word' id='word_1_143' title='bbox 1358 1882 1405 1920; x_wconf 88' lang='lat' dir='ltr'>L.</span> <span class='ocrx_word' id='word_1_144' title='bbox 1429 1882 1581 1936; x_wconf 88' lang='lat' dir='ltr'>Gyral-</span> 
     </span>
     <span class='ocr_line' id='line_1_20' title="bbox 187 1951 1580 2005; baseline 0.001 -13"><span class='ocrx_word' id='word_1_145' title='bbox 187 1953 267 1992; x_wconf 85' lang='lat' dir='ltr'>dus</span> <span class='ocrx_word' id='word_1_146' title='bbox 313 1951 488 1992; x_wconf 87' lang='lat' dir='ltr'>historia</span> <span class='ocrx_word' id='word_1_147' title='bbox 526 1953 760 1992; x_wconf 85' lang='lat' dir='ltr'>Poetarum</span> <span class='ocrx_word' id='word_1_148' title='bbox 803 1967 846 2005; x_wconf 89' lang='lat' dir='ltr'>p.</span> <span class='ocrx_word' id='word_1_149' title='bbox 875 1954 964 2004; x_wconf 83' lang='grc'><strong>956.</strong></span> <span class='ocrx_word' id='word_1_150' title='bbox 996 1951 1200 1992; x_wconf 88' lang='lat' dir='ltr'>Corsinus</span> <span class='ocrx_word' id='word_1_151' title='bbox 1237 1956 1283 1992; x_wconf 87' lang='lat' dir='ltr'>in</span> <span class='ocrx_word' id='word_1_152' title='bbox 1310 1955 1420 1993; x_wconf 86' lang='lat' dir='ltr'>Fast.</span> <span class='ocrx_word' id='word_1_153' title='bbox 1452 1956 1580 1994; x_wconf 87' lang='lat' dir='ltr'>Attic.</span> 
     </span>
     <span class='ocr_line' id='line_1_21' title="bbox 184 2024 1581 2078; baseline 0.001 -13"><span class='ocrx_word' id='word_1_154' title='bbox 184 2026 236 2065; x_wconf 92' lang='lat' dir='ltr'>T.</span> <span class='ocrx_word' id='word_1_155' title='bbox 264 2026 337 2064; x_wconf 90' lang='grc' dir='ltr'><strong>ΙΙΙ.</strong></span> <span class='ocrx_word' id='word_1_156' title='bbox 362 2040 404 2078; x_wconf 91' lang='lat' dir='ltr'>p.</span> <span class='ocrx_word' id='word_1_157' title='bbox 430 2029 493 2072; x_wconf 76' lang='lat'>31.</span> <span class='ocrx_word' id='word_1_158' title='bbox 516 2024 728 2064; x_wconf 87' lang='lat' dir='ltr'>Gherard.</span> <span class='ocrx_word' id='word_1_159' title='bbox 749 2025 979 2064; x_wconf 87' lang='lat' dir='ltr'>Gualterus</span> <span class='ocrx_word' id='word_1_160' title='bbox 1007 2026 1063 2064; x_wconf 88' lang='lat' dir='ltr'>ad</span> <span class='ocrx_word' id='word_1_161' title='bbox 1090 2025 1398 2078; x_wconf 75' lang='lat' dir='ltr'>Inscriptiones</span> <span class='ocrx_word' id='word_1_162' title='bbox 1417 2028 1581 2067; x_wconf 87' lang='lat' dir='ltr'>Siculas</span> 
     </span>
     <span class='ocr_line' id='line_1_22' title="bbox 184 2097 1611 2151; baseline 0.001 -13"><span class='ocrx_word' id='word_1_163' title='bbox 184 2099 320 2138; x_wconf 84' lang='lat' dir='ltr'><strong>T.V1.</strong></span> <span class='ocrx_word' id='word_1_164' title='bbox 342 2101 548 2151; x_wconf 84' lang='lat' dir='ltr'>antiquae</span> <span class='ocrx_word' id='word_1_165' title='bbox 560 2098 730 2137; x_wconf 84' lang='lat' dir='ltr'>Siciliae</span> <span class='ocrx_word' id='word_1_166' title='bbox 750 2112 792 2149; x_wconf 89' lang='lat' dir='ltr'>p.</span> <span class='ocrx_word' id='word_1_167' title='bbox 805 2107 894 2149; x_wconf 79' lang='lat'><strong>392.</strong></span> <span class='ocrx_word' id='word_1_168' title='bbox 913 2097 1102 2136; x_wconf 79' lang='lat' dir='ltr'><strong>Eduard.</strong></span> <span class='ocrx_word' id='word_1_169' title='bbox 1122 2100 1294 2138; x_wconf 89' lang='lat' dir='ltr'>Simson</span> <span class='ocrx_word' id='word_1_170' title='bbox 1310 2103 1357 2138; x_wconf 88' lang='lat' dir='ltr'>in</span> <span class='ocrx_word' id='word_1_171' title='bbox 1379 2099 1581 2140; x_wconf 89' lang='lat' dir='ltr'>Chronic.</span> <span class='ocrx_word' id='word_1_172' title='bbox 1606 2126 1611 2129; x_wconf 96' lang='lat'><em>-</em></span> 
     </span>
     <span class='ocr_line' id='line_1_23' title="bbox 188 2169 1584 2219; baseline 0.001 -8"><span class='ocrx_word' id='word_1_173' title='bbox 188 2171 246 2211; x_wconf 82' lang='lat' dir='ltr'>ad</span> <span class='ocrx_word' id='word_1_174' title='bbox 274 2185 376 2210; x_wconf 83' lang='lat' dir='ltr'>ann.</span> <span class='ocrx_word' id='word_1_175' title='bbox 404 2177 520 2219; x_wconf 75' lang='lat'><strong>5505.</strong></span> <span class='ocrx_word' id='word_1_176' title='bbox 562 2169 781 2209; x_wconf 84' lang='lat' dir='ltr'>Fabricius</span> <span class='ocrx_word' id='word_1_177' title='bbox 801 2169 1001 2210; x_wconf 85' lang='lat' dir='ltr'>Biblioth.</span> <span class='ocrx_word' id='word_1_178' title='bbox 1024 2170 1178 2210; x_wconf 88' lang='lat' dir='ltr'>Graec.</span> <span class='ocrx_word' id='word_1_179' title='bbox 1204 2185 1255 2210; x_wconf 82' lang='lat' dir='ltr'>ex</span> <span class='ocrx_word' id='word_1_180' title='bbox 1275 2172 1376 2211; x_wconf 87' lang='lat' dir='ltr'>edit.</span> <span class='ocrx_word' id='word_1_181' title='bbox 1398 2173 1584 2213; x_wconf 84' lang='lat' dir='ltr'>Harlesii</span> 
     </span>
     <span class='ocr_line' id='line_1_24' title="bbox 185 2243 1585 2298; baseline 0.001 -14"><span class='ocrx_word' id='word_1_182' title='bbox 185 2243 239 2284; x_wconf 69' lang='lat' dir='ltr'><strong>T.</strong></span> <span class='ocrx_word' id='word_1_183' title='bbox 260 2245 312 2284; x_wconf 92' lang='grc' dir='ltr'>Π.</span> <span class='ocrx_word' id='word_1_184' title='bbox 333 2259 379 2298; x_wconf 89' lang='lat' dir='ltr'><strong>p.</strong></span> <span class='ocrx_word' id='word_1_185' title='bbox 399 2258 483 2295; x_wconf 86' lang='lat'><strong>107.</strong></span> <span class='ocrx_word' id='word_1_186' title='bbox 505 2243 666 2282; x_wconf 85' lang='lat' dir='ltr'>Bailius</span> <span class='ocrx_word' id='word_1_187' title='bbox 684 2257 728 2295; x_wconf 78' lang='lat' dir='ltr'><strong>p.</strong></span> <span class='ocrx_word' id='word_1_188' title='bbox 741 2245 815 2296; x_wconf 86' lang='lat'>296</span> <span class='ocrx_word' id='word_1_189' title='bbox 832 2244 878 2282; x_wconf 92' lang='lat' dir='ltr'><strong>B.</strong></span> <span class='ocrx_word' id='word_1_190' title='bbox 913 2245 1043 2283; x_wconf 89' lang='lat' dir='ltr'>Sevin</span> <span class='ocrx_word' id='word_1_191' title='bbox 1061 2247 1108 2282; x_wconf 75' lang='lat' dir='ltr'>in</span> <span class='ocrx_word' id='word_1_192' title='bbox 1127 2243 1456 2285; x_wconf 87' lang='lat' dir='ltr'>Commentariis</span> <span class='ocrx_word' id='word_1_193' title='bbox 1474 2248 1585 2286; x_wconf 85' lang='lat' dir='ltr'>Aca-</span> 
     </span>
     <span class='ocr_line' id='line_1_25' title="bbox 188 2317 1586 2370; baseline 0 -13"><span class='ocrx_word' id='word_1_194' title='bbox 188 2317 359 2359; x_wconf 81' lang='lat' dir='ltr'>demiae</span> <span class='ocrx_word' id='word_1_195' title='bbox 373 2318 570 2370; x_wconf 87' lang='lat' dir='ltr'>Inscript.</span> <span class='ocrx_word' id='word_1_196' title='bbox 592 2318 724 2356; x_wconf 87' lang='lat' dir='ltr'>Paris.</span> <span class='ocrx_word' id='word_1_197' title='bbox 745 2317 797 2355; x_wconf 89' lang='lat' dir='ltr'><strong>T.</strong></span> <span class='ocrx_word' id='word_1_198' title='bbox 820 2317 876 2356; x_wconf 90' lang='lat' dir='ltr'><strong>X.</strong></span> <span class='ocrx_word' id='word_1_199' title='bbox 907 2331 950 2370; x_wconf 88' lang='lat' dir='ltr'><strong>p.</strong></span> <span class='ocrx_word' id='word_1_200' title='bbox 972 2318 1035 2365; x_wconf 77' lang='lat'><strong>36.</strong></span> <span class='ocrx_word' id='word_1_201' title='bbox 1058 2327 1102 2356; x_wconf 88' lang='lat' dir='ltr'>et</span> <span class='ocrx_word' id='word_1_202' title='bbox 1120 2331 1210 2370; x_wconf 88' lang='lat' dir='ltr'>seq.</span> <span class='ocrx_word' id='word_1_203' title='bbox 1235 2321 1339 2356; x_wconf 84' lang='lat' dir='ltr'>anni</span> <span class='ocrx_word' id='word_1_204' title='bbox 1362 2319 1471 2368; x_wconf 75' lang='lat'><strong>1736.</strong></span> <span class='ocrx_word' id='word_1_205' title='bbox 1500 2319 1586 2357; x_wconf 88' lang='lat' dir='ltr'>Bu-</span> 
     </span>
     <span class='ocr_line' id='line_1_26' title="bbox 188 2389 1585 2442; baseline 0.001 -12"><span class='ocrx_word' id='word_1_206' title='bbox 188 2401 298 2431; x_wconf 87' lang='lat' dir='ltr'>rette</span> <span class='ocrx_word' id='word_1_207' title='bbox 317 2391 423 2430; x_wconf 88' lang='lat' dir='ltr'>ibid.</span> <span class='ocrx_word' id='word_1_208' title='bbox 454 2404 497 2442; x_wconf 65' lang='lat' dir='ltr'><strong>p.</strong></span> <span class='ocrx_word' id='word_1_209' title='bbox 518 2397 619 2442; x_wconf 80' lang='lat'><strong>239,</strong></span> <span class='ocrx_word' id='word_1_210' title='bbox 647 2390 724 2430; x_wconf 87' lang='lat' dir='ltr'>ubi</span> <span class='ocrx_word' id='word_1_211' title='bbox 753 2400 979 2430; x_wconf 83' lang='lat' dir='ltr'>tractatum</span> <span class='ocrx_word' id='word_1_212' title='bbox 999 2389 1217 2430; x_wconf 84' lang='lat' dir='ltr'>Plutarchi</span> <span class='ocrx_word' id='word_1_213' title='bbox 1244 2390 1299 2429; x_wconf 89' lang='lat' dir='ltr'>de</span> <span class='ocrx_word' id='word_1_214' title='bbox 1318 2391 1485 2431; x_wconf 89' lang='lat' dir='ltr'>Musica</span> <span class='ocrx_word' id='word_1_215' title='bbox 1516 2406 1585 2431; x_wconf 87' lang='lat' dir='ltr'>ex-</span> 
     </span>
     <span class='ocr_line' id='line_1_27' title="bbox 188 2461 1584 2516; baseline -0.001 -13"><span class='ocrx_word' id='word_1_216' title='bbox 188 2463 335 2516; x_wconf 83' lang='lat' dir='ltr'>plicat.</span> <span class='ocrx_word' id='word_1_217' title='bbox 386 2465 601 2503; x_wconf 87' lang='lat' dir='ltr'>Meursius</span> <span class='ocrx_word' id='word_1_218' title='bbox 630 2467 678 2503; x_wconf 90' lang='lat' dir='ltr'>in</span> <span class='ocrx_word' id='word_1_219' title='bbox 707 2461 914 2502; x_wconf 86' lang='lat' dir='ltr'>Biblioth.</span> <span class='ocrx_word' id='word_1_220' title='bbox 946 2462 1099 2502; x_wconf 87' lang='lat' dir='ltr'>Graec.</span> <span class='ocrx_word' id='word_1_221' title='bbox 1128 2477 1172 2515; x_wconf 90' lang='lat' dir='ltr'><strong>p.</strong></span> <span class='ocrx_word' id='word_1_222' title='bbox 1198 2468 1306 2514; x_wconf 72' lang='grc'><strong>1242.</strong></span> <span class='ocrx_word' id='word_1_223' title='bbox 1361 2465 1507 2503; x_wconf 87' lang='lat' dir='ltr'>Saxius</span> <span class='ocrx_word' id='word_1_224' title='bbox 1538 2467 1584 2502; x_wconf 87' lang='lat' dir='ltr'>in</span> 
     </span>
     <span class='ocr_line' id='line_1_28' title="bbox 193 2535 1586 2588; baseline 0 -14"><span class='ocrx_word' id='word_1_225' title='bbox 193 2536 416 2576; x_wconf 85' lang='lat' dir='ltr'>Onomast.</span> <span class='ocrx_word' id='word_1_226' title='bbox 436 2537 469 2576; x_wconf 93' lang='grc' dir='ltr'>Ι.</span> <span class='ocrx_word' id='word_1_227' title='bbox 496 2549 540 2588; x_wconf 89' lang='lat' dir='ltr'><strong>p.</strong></span> <span class='ocrx_word' id='word_1_228' title='bbox 566 2540 625 2587; x_wconf 76' lang='lat'><strong>14.</strong></span> <span class='ocrx_word' id='word_1_229' title='bbox 675 2537 808 2576; x_wconf 66' lang='lat' dir='ltr'><strong>Hucla</strong></span> <span class='ocrx_word' id='word_1_230' title='bbox 826 2537 934 2576; x_wconf 80' lang='lat' dir='ltr'>ilber</span> <span class='ocrx_word' id='word_1_231' title='bbox 954 2535 1029 2576; x_wconf 78' lang='lat' dir='ltr'>die</span> <span class='ocrx_word' id='word_1_232' title='bbox 1049 2537 1095 2575; x_wconf 90' lang='lat' dir='ltr'><em>V</em></span> <span class='ocrx_word' id='word_1_233' title='bbox 1095 2535 1311 2575; x_wconf 81' lang='lat' dir='ltr'>erdiensce</span> <span class='ocrx_word' id='word_1_234' title='bbox 1331 2536 1407 2576; x_wconf 81' lang='lat' dir='ltr'>des</span> <span class='ocrx_word' id='word_1_235' title='bbox 1424 2537 1586 2576; x_wconf 73' lang='lat' dir='ltr'>Archi-</span> 
     </span>
     <span class='ocr_line' id='line_1_29' title="bbox 193 2608 1585 2662; baseline 0 -16"><span class='ocrx_word' id='word_1_236' title='bbox 193 2608 342 2647; x_wconf 77' lang='lat' dir='ltr'><strong>lochus</strong></span> <span class='ocrx_word' id='word_1_237' title='bbox 358 2624 431 2647; x_wconf 83' lang='lat' dir='ltr'>um</span> <span class='ocrx_word' id='word_1_238' title='bbox 448 2609 524 2648; x_wconf 82' lang='lat' dir='ltr'>die</span> <span class='ocrx_word' id='word_1_239' title='bbox 541 2611 710 2662; x_wconf 77' lang='lat' dir='ltr'>Satyre.</span> <span class='ocrx_word' id='word_1_240' title='bbox 761 2610 910 2650; x_wconf 78' lang='lat' dir='ltr'>Sutzer</span> <span class='ocrx_word' id='word_1_241' title='bbox 920 2612 983 2650; x_wconf 87' lang='lat' dir='ltr'>im</span> <span class='ocrx_word' id='word_1_242' title='bbox 1002 2610 1178 2650; x_wconf 69' lang='lat' dir='ltr'>Artiloel</span> <span class='ocrx_word' id='word_1_243' title='bbox 1193 2610 1488 2649; x_wconf 73' lang='lat' dir='ltr'>Archilochus</span> <span class='ocrx_word' id='word_1_244' title='bbox 1506 2610 1585 2646; x_wconf 80' lang='lat' dir='ltr'>mic</span> 
     </span>
    </p>
   </div>
   <div class='ocr_carea' id='block_1_6' title="bbox 194 2683 858 2735">
    <p class='ocr_par' dir='ltr' id='par_1_6' title="bbox 194 2683 858 2735">
     <span class='ocr_line' id='line_1_30' title="bbox 194 2683 858 2735; baseline 0.005 -16"><span class='ocrx_word' id='word_1_245' title='bbox 194 2683 410 2721; x_wconf 73' lang='lat' dir='ltr'>Zusiiczen</span> <span class='ocrx_word' id='word_1_246' title='bbox 430 2697 515 2720; x_wconf 71' lang='grc' dir='ltr'>ἰὀιι</span> <span class='ocrx_word' id='word_1_247' title='bbox 538 2684 858 2735; x_wconf 67' lang='lat' dir='ltr'>Blankenburga</span> 
     </span>
    </p>
   </div>
  </div>
 </body>
</html>
