1846 3308
820 272 1194 318 ..250-

881 388 1137 435 CLXXIII.

843 476 1177 533 Φασιανός.

415 567 641 608 Scholiast.
685 565 962 619 Aristophan.
999 561 1118 614 Νεφ.
1159 577 1197 604 v.
1222 577 1306 617 109.
1371 558 1626 612 Φασιανοὺς.
1669 564 1709 606 οἱ

313 644 392 703 μὲν
434 641 614 694 ἵππους,
668 641 708 684 οἱ
747 639 791 682 δὲ
829 636 973 696 ὄρνεα.
1049 636 1152 682 ἔνιοι
1199 638 1243 681 δὲ
1292 636 1451 690 ἵππους
1487 639 1710 696 χάραγμα

314 720 506 778 ἔχοντας
535 716 781 774 φασιανοῢ,
822 716 878 769 ὡς
908 715 1201 773 ἀλεκτρυόνος
1231 741 1282 750 --
1311 717 1352 760 οἱ
1376 716 1421 758 δὲ
1439 714 1535 772 περὶ
1562 716 1709 773 Ἀρχί-

314 799 477 856 λοχον,
500 795 686 856 ὀρνίθων
707 795 842 852 γένος.
865 820 920 829 -
949 796 1007 837 Οἱ
1030 794 1125 852 περὶ
1143 793 1420 852 Ἀρχίλοχον
1448 798 1577 838 solito
1598 798 1710 838 idio-

313 884 439 921 tismo
465 879 733 918 Graecorum
759 891 838 930 pro
866 871 1157 930 ’Δρχίλοχος,
1188 878 1307 930 apud
1333 890 1465 931 quem
1493 870 1708 924 Φασιανός

314 964 471 994 notum
493 954 578 992 avis
599 963 736 1005 genus
757 950 935 991 indicat.

891 1145 1147 1189 CLXXIV.

535 1293 537 1295 Ι
901 1234 943 1280 Φ
959 1232 992 1279 λ
1003 1231 1032 1281 ύ
1048 1249 1076 1281 ο
1087 1249 1125 1291 ς.

414 1324 605 1366 Eustath.
624 1325 675 1363 T.
696 1324 768 1363 ΙΙΙ.
789 1338 833 1377 p.
858 1324 970 1376 1746,
1001 1331 1038 1370 8.
1060 1324 1212 1379 Odyss.
1234 1335 1270 1364 ν.
1299 1320 1523 1380 Κνυζώσω
1543 1336 1583 1364 κ.
1603 1336 1643 1363 τ.
1665 1318 1707 1362 λ.

315 1401 389 1444 καὶ
413 1397 542 1449 κνὺος
564 1397 610 1440 δὲ
634 1398 713 1454 τὴν
739 1395 920 1453 φθορὰν
938 1395 1057 1439 κατὰ
1073 1396 1196 1453 γένος
1212 1394 1454 1458 οὐδέτερον,
1472 1398 1627 1457 ὁμοίως
1645 1398 1713 1453 τῷ

315 1478 402 1527 θῶ,
422 1472 544 1529 θύος,
561 1474 634 1519 καὶ
655 1474 780 1531 φλῶ,
799 1473 943 1532 φλὺος
964 1471 1084 1533 παρὰ
1103 1473 1369 1534 Ἀρχιλόχῳ
1390 1475 1457 1521 ἐπὶ
1475 1475 1710 1534 φλυαρίας.

418 1852 668 1893 Athenaeus
703 1852 750 1892 L.
782 1850 854 1889 III.
892 1866 936 1905 p.
968 1853 1031 1899 36.
1061 1853 1109 1891 A.
1136 1853 1183 1892 Β.
1235 1850 1356 1908 παρὰ
1407 1846 1622 1907 Σώφρονι
1673 1851 1714 1894 οἱ

315 1927 482 1983 κόγχοι
510 1923 738 1981 μελαινίδες
767 1922 991 1979 λέγονται.
1022 1950 1078 1957 -
1104 1924 1180 1969 Ἐν
1209 1927 1254 1970 δὲ
1279 1928 1346 1983 τῷ
1370 1927 1710 1986 ἐπιγραφομένῳ

313 2005 581 2060 Ἀλιευτικῷ
606 2002 684 2046 τὸν
715 2001 963 2060 ἂγροιῶταν
992 2005 1201 2063 χηρὰβας
1229 2002 1462 2063 ὀνομάζει·
1505 2004 1579 2048 καὶ
1616 2005 1711 2062 Ἀρ-

315 2082 515 2140 χὶλοχος
541 2083 615 2138 τῆς
655 2080 857 2139 χήραβος
896 2080 1130 2139 μέμνηται.
1184 2087 1258 2126 Est
1281 2091 1413 2142 igitur
1438 2082 1461 2126 ὁ
1490 2079 1710 2142 χηρᾶβης,

315 2164 409 2212 vel,
442 2174 490 2203 ut
512 2164 769 2204 observante
790 2163 1053 2204 Casaubono
1072 2165 1352 2205 membranae
1371 2164 1556 2213 habent,
1585 2158 1607 2203 ὁ
1626 2175 1710 2216 χη-

318 2234 491 2295 ράμβης
519 2240 712 2280 conchae
733 2253 894 2294 genUS,
921 2244 1135 2280 incertum
1159 2251 1326 2290 autem,
1356 2240 1499 2294 quale.
1550 2241 1709 2279 Sensus

319 2328 466 2357 autem
497 2317 603 2373 Ioci,
644 2326 693 2355 ut
724 2315 908 2355 Casaub.
938 2317 1144 2369 explicat,
1180 2325 1264 2365 est,
1305 2328 1470 2355 nomen
1504 2313 1712 2371 χηράβης

318 2391 426 2430 alios
445 2393 491 2430 in
511 2390 748 2429 masculino
767 2402 927 2442 genere
947 2389 1167 2434 extulisse;
1203 2387 1507 2429 Archilochum
1530 2404 1633 2430 vero
1663 2393 1712 2430 in.

317 2467 530 2505 feminino
555 2475 598 2504 et
623 2467 774 2504 tertiae
800 2463 1118 2514 declinationis,
1148 2459 1172 2517 ἦ
1202 2461 1385 2519 χὴραψ,
1418 2462 1635 2519 χήραβος,
1664 2475 1712 2504 ut

316 2537 518 2595 λαῖλαψ.
572 2542 756 2597 Hesych.
780 2538 1022 2597 χηράμβης
1041 2544 1225 2597 explicat
1243 2536 1408 2596 οἴκημα
1425 2540 1516 2583 τῶν
1538 2538 1710 2597 χηρῶν·

317 2616 441 2667 quod
460 2614 570 2656 nihil
590 2615 645 2655 ad
669 2615 786 2655 hunc
802 2615 949 2656 locum
968 2627 1146 2670 spectat.
