1846 3308
425 485 502 536 Οὐ
540 486 643 557 γὰρ
680 483 740 546 δὴ
775 483 919 555 παρὰ
955 482 1127 549 φίλων
1163 478 1435 546 ἁπάγχεο;

423 613 610 656 Nonne
645 607 706 654 ab
742 607 912 655 amicis
942 621 1145 669 prorsus
1180 600 1387 650 afflictus
1424 601 1508 650 es?

391 729 643 772 'Aristoteles
678 724 887 769 Πολιτικ.
919 742 957 781 η.
998 723 1079 766 Διὸ
1117 722 1191 766 καὶ
1220 723 1495 781 Ἀρχίλοχος
1522 736 1679 779 rpem,-

291 802 455 857 κόντως
477 807 567 856 τοῖς
588 804 737 860 φίλοις
757 802 963 860 ἐγκαλῶν
995 801 1246 858 διαλέγεται
1269 802 1372 861 πρὸς
1406 800 1483 845 τὸν
1510 800 1681 856 θυμόν·

294 875 362 923 Οἷ)
391 882 476 940 ’γὰρ
503 900 543 926 κ.
571 900 611 927 τ.
644 882 688 926 λ.
755 886 871 926 Hinc
894 885 1046 926 Iacobs
1072 885 1298 926 Animadv.
1324 885 1423 925 Vol.
1443 884 1516 924 111.
1542 884 1590 923 P.
1608 881 1681 923 111.

293 972 335 1011 p.
366 965 452 1006 588.
486 961 541 999 ad
575 962 802 1015 fragment.
831 967 895 1008 31.
939 957 1048 998 haec
1087 962 1305 1012 pertinere
1343 967 1491 1011 putat,
1539 966 1583 996 et
1619 965 1683 996 te-

295 1041 485 1076 trametri
505 1049 646 1090 partes
673 1052 763 1079 esse
790 1040 850 1078 sic
878 1038 992 1077 forte
1023 1037 1366 1078 constituendas:
1394 1056 1450 1065 -
1480 1046 1504 1074 υ
1525 1027 1576 1073 οὗ
1597 1028 1684 1085 γὰρ

297 1110 345 1165 δὴ
370 1127 394 1153 υ
422 1134 478 1143 -
509 1127 534 1153 υ
555 1111 675 1169 παρὰ
700 1110 848 1166 φίλων
874 1110 1105 1167 ὀιίι·ι]’ν)(9(,ευ.4
1148 1116 1313 1155 Verum
1331 1112 1460 1156 offert
1476 1127 1521 1154 se
1540 1116 1698 1166 potius‘

296 1199 452 1241 sponte
471 1188 566 1232 finis
589 1200 631 1229 et
647 1192 820 1229 initium
839 1191 1019 1229 senarii:

656 1287 713 1296 —
741 1287 797 1294 —-
824 1288 881 1296 —-
918 1257 969 1306 οὗ
1006 1264 1092 1321 γὰρ
1133 1262 1182 1320 δὴ
1210 1260 1331 1319 παρὰ

459 1339 610 1385 Φίλων
640 1341 850 1399 ἂπάγχεο
876 1364 931 1375 -·
957 1366 1013 1374 -
1038 1365 1095 1375 -

297 1419 351 1459 Et
370 1432 466 1457 cum
486 1430 619 1471 poeta
637 1435 783 1459 secum
802 1423 895 1472 ipse
913 1420 983 1460 vel
1002 1434 1099 1459 cum
1116 1421 1260 1459 animo
1286 1432 1365 1458 suo
1388 1419 1517 1458 etiam
1535 1418 1582 1455 in
1603 1414 1689 1454 alio

302 1497 517 1541 carmine,
544 1503 592 1532 ut
618 1503 778 1545 poetae
805 1507 936 1546 saepe
958 1493 1146 1541 faciunt,
1176 1491 1371 1544 colloqui
1390 1491 1606 1543 potuerit,
1635 1487 1692 1528 ad

301 1566 413 1607 illud
433 1576 727 1606 tetrametrum
748 1580 842 1606 non
867 1566 1147 1607 referendum
1170 1579 1260 1604 esse
1279 1564 1392 1604 duxi.

412 1641 450 1681 Ο
467 1634 491 1682 ὗ
530 1640 651 1697 γάρ.
705 1646 815 1685 Cum
841 1645 1092 1686 Aristoteles
1116 1644 1253 1692 dicat,
1282 1646 1441 1683 amicos
1468 1641 1522 1681 ab
1542 1640 1693 1682 Archi-

302 1715 433 1755 locho
455 1715 540 1756 hoc
560 1718 658 1758 Ioco
677 1721 889 1767 incusari,
919 1731 1107 1770 eumque
1127 1717 1181 1756 de
1206 1716 1270 1755 his
1301 1717 1536 1768 conqueri,
1563 1717 1695 1769 parti-

307 1795 431 1834 culae
467 1785 517 1834 οἷ)
547 1792 632 1849 ’γὰρ
666 1796 965 1852 interrogandi
998 1798 1082 1836 vim
1117 1795 1187 1835 hic
1212 1794 1403 1834 habeant
1427 1807 1605 1834 necesse
1633 1803 1698 1834 est

306 1869 478 1923 (Viget.
501 1869 555 1908 de
575 1869 782 1909 Idiotism.
805 1870 950 1909 edent.
969 1869 1105 1908 Zeun.
1123 1883 1166 1921 p.
1184 1873 1271 1920 479.
1284 1869 1299 1919 )
1312 1896 1325 1915 ,
1355 1876 1428 1906 aut
1442 1864 1609 1906 ironice
1627 1880 1698 1905 ac·

307 1942 582 1993 cipiendum,
612 1946 734 1995 quasi
761 1943 946 1983 diceret:
986 1943 1056 1982 Tu
1081 1941 1245 1983 scilicet
1271 1939 1325 1980 ab
1353 1942 1497 1980 amicis
1523 1952 1695 1992 prorsus

304 2025 399 2053 :non
419 2028 461 2054 es
487 2016 808 2066 pessumdatus!

419 2087 470 2129 'A
484 2104 517 2130 π
528 2088 555 2130 ἁ
567 2104 596 2144 γ
606 2104 645 2145 χ
656 2106 675 2132 ε
689 2104 724 2132 ο.
790 2088 1106 2147 ’Δπάγχεσθαι
1117 2119 1130 2138 ,
1168 2091 1395 2141 suffocari,
1423 2090 1695 2145 strangulari,

311 2178 440 2205 sensu
459 2166 664 2205 translato
684 2165 754 2205 hic
773 2166 1035 2217 adhibitum,
1063 2166 1266 2207 videlicet
1286 2179 1338 2205 eo
1361 2166 1591 2212 moeroris,
1619 2166 1699 2201 mi-

312 2241 450 2277 seriae
487 2239 557 2277 vel
592 2239 905 2290 desperationis
939 2241 1104 2295 redigi,
1150 2248 1199 2277 ut
1223 2252 1378 2291 parum
1413 2236 1545 2285 absit,
1592 2237 1700 2289 quin

311 2313 405 2363 ipse
431 2311 592 2363 laqueo
622 2315 751 2351 vitam
776 2311 914 2351 finias.

979 2492 1055 2536 CI.

593 2576 865 2648 Πάρελθε,
911 2575 1134 2644 γενναῖος
1163 2576 1269 2649 γὰρ
1302 2573 1382 2637 εἷς.

596 2700 810 2760 Accede,
854 2717 973 2748 nam
1009 2717 1277 2766 generosus
1315 2719 1380 2751 es.
