1846 3308
701 394 713 417 Ι

133 456 138 462 ·
161 442 315 496 nolog.
344 441 509 481 Petavii
535 437 579 493 p.
602 441 690 487 263.
742 438 930 479 Primum
961 437 1178 479 distichon
1206 448 1250 479 et
1274 442 1391 479 tertii
1406 450 1561 480 versus

154 510 329 572 partein
357 532 496 572 usque
536 517 592 557 ad
617 514 747 562 τέλος
774 516 1098 555 adfertSextus
1133 517 1293 568 Empir.
1330 520 1379 556 in
1414 516 1561 571 Pyrrh.

152 595 378 649 -Hypotyp.
404 596 453 634 L.
471 594 544 633 111.
577 608 612 633 c.
631 598 693 644 24.
720 608 752 632 s.
778 594 867 633 216.
903 588 1179 646 ’Δρχίλοχος
1210 589 1277 637 δὲ,
1316 587 1463 647 ὥσπερ
1496 605 1561 634 σε·

159 668 427 727 μνυνόμενος
444 665 547 725 {miv
567 665 635 710 ἐπὶ
655 667 723 721 τῷ
743 666 823 722 τὴν
845 666 1006 710 ἂσπίδα
1029 664 1165 725 ῥίψας
1182 666 1381 723 φεύγειν,
1403 669 1447 712 ἐν
1470 671 1563 721 τοῖς

150 745 397 804 «ποιήμασιν
428 743 525 802 περὶ
554 737 694 787 αὐτοῦ
727 744 839 801 φησί
850 759 860 770 ·
916 744 1085 788 ’Δσπίδι
1119 759 1160 787 κ.
1190 760 1231 788 τ.
1262 743 1308 787 λ.
1360 750 1559 790 Tandem

158 824 330 877 reliqua
349 822 531 862 secundi
556 821 726 861 distichi
749 837 847 862 cum
867 825 1027 875 primo,
1057 825 1217 863 omisso
1247 833 1394 862 tamen
1422 827 1559 875 priori
1598 811 1607 820 ’

162 903 263 943 colo
297 915 441 941 versus
476 903 591 941 tertii
617 889 780 949 (αὗτός
806 919 864 929 -
890 894 1049 951 τέλος)
1077 904 1179 940 citat
1208 896 1463 940 Plutarchus
1502 899 1558 938 de

158 976 320 1015 Lacon.
342 974 550 1014 Institutis
570 974 621 1013 T.
637 973 711 1013 VI.
739 986 784 1025 p.
803 979 903 1022 888,
931 979 1018 1025 889.
1052 977 1128 1027 qui
1152 983 1332 1027 propter
1358 971 1436 1012 hos
1466 987 1560 1012 ver-

158 1039 565 1094 susArchilochum
594 1046 927 1086 Lacedaemone
959 1046 1140 1095 eadem,
1170 1060 1256 1098 qua
1283 1049 1422 1093 venit,
1450 1045 1560 1086 hora

160 1124 275 1179 exire
295 1124 458 1160 iussum
481 1133 572 1159 esse
595 1119 728 1159 addit.
783 1120 915 1159 Hunc
935 1119 1082 1160 locum
1109 1130 1277 1173 spectat
1302 1122 1431 1158 etiam
1460 1119 1561 1159 Phi-

157 1199 359 1240 lostratus
389 1212 434 1251 p.
463 1204 527 1243 55.
561 1196 662 1237 Vita
694 1198 901 1251 Apollon.
934 1185 1027 1252 ‘Ap’
1060 1190 1111 1236 οὗ
1143 1190 1360 1246 κίβδηλόν
1392 1208 1442 1235 τε
1483 1193 1557 1236 καὶ

157 1273 239 1330 τὴν
290 1270 590 1326 φιλοσοφίαν·
614 1270 970 1330 ἀποβεβληκότα
1010 1269 1191 1329 μᾶλλον
1232 1268 1261 1327 ἢ
1298 1271 1338 1314 οἱ
1378 1271 1558 1328 πονηροὶ

158 1350 398 1408 ςρατιῶται
427 1348 506 1400 τὰς
526 1348 729 1400 ἂσπίδας;
760 1349 905 1392 καίτοι
930 1348 1103 1402 ἀσπίδος
1125 1348 1204 1406 μὲν
1226 1348 1561 1407 ἂποβληθείσης

158 1427 288 1487 ἑτέρα
306 1427 466 1485 γένοιτ’
486 1424 539 1470 ἂν
561 1427 631 1482 τῷ
657 1425 960 1481 ἀποβαλόντι,
1001 1427 1167 1470 κακίων
1195 1421 1319 1470 οὐδὲν
1350 1428 1423 1483 τῆς
1457 1443 1558 1484 προ·

105 1526 109 1530 ·
156 1507 330 1564 τέρας,-
356 1502 410 1559 ὣς
452 1504 905 1565 ’Δρχιλόχῳν-δοκεῖ·
949 1504 1207 1561 φιλοσοφία
1242 1504 1287 1548 δὲ
1333 1505 1426 1556 πῶς
1456 1506 1558 1547 ἀνα·

159 1584 327 1642 κτητὲα
349 1585 417 1640 τῷ
437 1600 488 1641 ςγε
507 1583 776 1641 ἂτιμάσαντι
799 1576 937 1639 αὐτὴν
959 1582 1032 1627 καὶ
1062 1582 1263 1642 ῥίψαντι.

257 1662 572 1715 Turpissimum
607 1673 711 1700 vero
740 1662 846 1702 olim
871 1663 1003 1702 fuisse
1033 1661 1202 1702 abiecto
1243 1671 1365 1702 scuto
1405 1661 1558 1715 fugere

161 1746 235 1776 aut
254 1748 279 1775 ο
298 1735 470 1788 proelio
487 1734 647 1782 redire,
672 1747 722 1773 ex
740 1734 1011 1789 scriptoribus
1028 1745 1196 1774 notum.
1233 1734 1403 1773 Aelian.
1423 1732 1477 1773 V.
1502 1735 1556 1773 H.

157 1813 282 1854 LX.
321 1828 356 1853 c.
379 1815 448 1860 15.
488 1807 576 1853 Καὶ
607 1805 672 1850 ἔτι
702 1809 874 1851 τούτων
906 1805 1132 1865 αἴσχιςον,
1170 1803 1242 1851 ὅτι
1281 1807 1362 1862 τὴν
1396 1807 1558 1850 ἀσπίδα

159 1885 390 1937 ἀπέβαλεν
418 1884 470 1938 (ὁ
490 1885 716 1943 wezil..)
746 1890 830 1929 vid.
867 1889 930 1930 ibi
960 1888 1183 1929 Kfihnium
1209 1903 1253 1941 p.
1271 1895 1361 1941 509.
1384 1899 1428 1928 et
1448 1902 1558 1942 quos

160 1966 289 2002 citat.·
336 1962 445 2002 Item
481 1963 644 2002 Erasm.
675 1962 785 2003 Chil.
805 1963 859 2002 Π.
898 1963 1024 2002 Cent.
1054 1962 1107 2000 Π.
1126 1974 1191 2013 97.
1220 1961 1560 2016 Caryophil.-de

158 2035 283 2090 Clyp.
318 2036 465 2075 Veter.
501 2049 546 2088 p.
568 2040 632 2087 74.
666 2045 709 2075 et
734 2049 854 2090 seqq.
921 2035 1051 2075 Klotz
1084 2035 1140 2074 ad
1167 2035 1402 2090 Tyrtaeum
1432 2049 1475 2087 p.
1495 2038 1560 2086 54.

156 2123 251 2153 not.
279 2107 448 2167 ἀτιμία.
499 2112 701 2164 Inprimis
727 2126 829 2152 vero
854 2111 939 2152 hoc
963 2112 1297 2152 Lacedaemone
1323 2115 1559 2167 ignomini·
1627 2120 1631 2126 “

158 2199 284 2225 osum
314 2195 406 2225 erat
435 2194 479 2224 et
511 2184 916 2232 crimini,dabatur,
953 2190 1073 2226 cuius
1100 2189 1164 2226 rei
1195 2199 1366 2226 causam
1393 2185 1559 2225 Plutar-

159 2261 264 2302 chus
281 2266 329 2301 in
345 2261 713 2316 Apophthegmat.
732 2263 891 2302 Lacon.
911 2263 963 2302 T.
974 2263 1049 2302 VI.
1071 2270 1214 2315 p.823.
1236 2262 1400 2302 adfert:
1428 2260 1562 2315 Ἐρω-

157 2334 370 2390 τήσαντος
391 2336 435 2379 δέ
453 2352 591 2389 τινος,
626 2334 696 2377 διὰ
722 2335 767 2377 τί
789 2334 892 2386 τοὺς
919 2335 999 2392 μὲν
1034 2334 1114 2387 τὰς
1143 2335 1322 2388 ἀσπίδας
1353 2336 1455 2394 παρ’
1485 2331 1581 2380 αἷμ’

157 2413 251 2463 τοῖς
271 2413 586 2467 ἀποβαλόντας
615 2412 848 2471 ἀτιμοῦσι,
877 2410 981 2464 τοὺς
1010 2412 1055 2455 δὲ
1085 2413 1144 2456 τὰ
1174 2413 1311 2472 κράνη
1349 2414 1423 2457 καὶ
1455 2413 1557 2468 τοὺς

157 2490 387 2548 θώρηκας,
428 2486 511 2537 οὒκ
540 2490 632 2542 ἔτη
668 2489 763 2539 ὅτι,
799 2489 889 2548 ἔφη
917 2494 938 2545 (
950 2490 1270 2551 Δημάρατος),
1300 2492 1447 2535 ταῦτα
1477 2492 1558 2548 μὲν

157 2565 294 2625 χάριν
324 2568 494 2613 ἑαυτῶν
532 2570 856 2628 περιτίθενται·
898 2568 980 2626 τὴν
1020 2569 1054 2611 δ’
1095 2568 1256 2613 ἀσπίδα
1294 2571 1372 2625 τῆς
1415 2571 1560 2625 κοινῆς

156 2639 327 2696 τάξεως
347 2645 486 2690 ἕνεκα.
538 2653 595 2692 At
618 2650 904 2692 Archilochus
941 2650 1023 2692 hac
1048 2657 1096 2692 in
1120 2667 1168 2692 re
1202 2663 1245 2691 et
1275 2652 1381 2691 alios
1411 2657 1559 2707 magni

156 2726 348 2762 :nominis
367 2734 519 2776 poetas
538 2727 768 2764 imitatores
799 2723 974 2774 habuit,
1002 2726 1212 2766 Alcaeum
1239 2735 1283 2763 et
1313 2725 1557 2772 Horatium,

160 2798 238 2848 qui
258 2798 354 2849 ipsi,
373 2806 424 2837 ut
443 2796 742 2847 Archilochus,
762 2797 880 2837 idem
902 2798 958 2837 de
978 2812 1024 2837 se
1044 2803 1092 2838 in
1114 2796 1373 2838 carminibus
1393 2801 1477 2839 suis
1496 2800 1560 2839 fa·

957 2869 998 2908 K
1027 2883 1051 2908 2
