1846 3308
661 317 728 327 ..—
797 297 896 348 233
967 314 1035 324 ..-

148 426 368 485 χίλοχος·
418 421 503 468 ὑπὸ
534 422 790 481 φιληδονίας
825 423 911 482 γὰρ
948 420 1023 465 καὶ
1065 423 1274 479 ἀκρασίας
1301 422 1377 467 καὶ
1413 415 1544 476 οὗτος

149 505 246 565 μετ’
268 502 453 561 Ἀρχίου
478 502 627 545 πλέων
657 501 714 551 είς
733 498 963 547 Σικελίαν,
993 496 1059 543 ὅτ’
1081 499 1246 556 ἔμελλε
1269 502 1432 561 κτίζειν
1453 505 1543 545 Συ·

152 580 391 642 ρακούσας.
421 581 488 636 τῷ
516 578 676 622 ἑαυτοῦ
705 577 895 632 συσσίτῳ
924 576 1219 636 μελιττοὺτης
1246 580 1433 624 ἀπέδοτο
1464 579 1543 624 τὸν

153 646 343 717 κλῆρον’,
371 656 420 703 ὃν
449 658 492 701 ἐν
513 653 819 714 Συρακούσαις
838 652 1001 712 λαχὼν
1024 653 1212 712 ἔμελλεν
1233 653 1360 708 ἕξειν.
1413 663 1547 705 Athe·

153 752 288 778 naeus
308 738 356 775 L.
375 736 447 792 IV?
474 748 516 786 p.
537 734 622 785 167.
673 733 743 772 De
764 733 979 788 Syracusis
1002 732 1054 773 ab
1074 733 1230 774 Archia
1254 736 1438 776 conditis
1459 738 1544 778 vid.

152 809 350 864 Thucyd.
368 809 415 847 L.
435 807 472 847 6.
496 820 531 845 c.
551 813 589 852 3.
621 805 743 858 quod.
771 806 931 844 factum
954 806 1108 849 Chron.
1127 808 1299 848 Parium
1328 809 1462 849 refert
1491 810 1547 848 ad

156 884 328 939 Olymp.
354 882 421 929 V,
459 880 532 919 alii
567 883 795 930 scriptores
834 879 890 918 ad
916 879 1010 919 XII.
1082 880 1182 932 Qua
1226 895 1331 922 vero
1376 896 1424 922 re
1467 883 1548 922 Ar-

156 955 270 996 chias
314 953 523 1006 impulsus
575 955 846 1006 emigraverit
901 952 958 991 ad
1000 953 1227 1006 Syracusas
1276 954 1544 1005 condendas,

153 1042 299 1073 narrat
333 1031 584 1072 Plutarchus
618 1026 772 1083 Ἐρὶυτ.
815 1023 1000 1082 Διηγῆσ.
1028 1029 1079 1067 Τ.
1102 1027 1179 1067 ῙΧ.
1213 1041 1257 1079 p.
1284 1035 1347 1080 95.
1384 1039 1427 1068 et
1452 1043 1544 1082 seq.

155 1106 282 1146 Conf.
305 1107 434 1144 etiam
452 1107 684 1158 Scymnum
714 1102 870 1143 Chium
898 1105 1012 1144 inter
1035 1098 1321 1156 Geographos
1353 1105 1545 1142 minores

152 1180 205 1218 T.
223 1179 276 1218 Π.
298 1192 341 1231 p.
364 1178 423 1217 16.
444 1193 481 1218 v.
504 1191 588 1230 177.
844 1185 847 1188 “
1203 1181 1207 1183 ’

740 1426 974 1472 CXXVII.

268 1521 546 1582 Μνημονεύει
587 1522 677 1565 τῶν
714 1521 886 1564 Θασίων
917 1519 1021 1579 πρὸς
1052 1518 1318 1578 Μαρωνίτας
1346 1519 1442 1577 περὶ
1473 1520 1550 1576 τῆς

158 1602 370 1662 Στρύμης
402 1596 777 1659 ἀμφισβητήσεως
810 1598 1061 1658 Φιλόχορος
1084 1595 1363 1657 Ἀρχίλοχον
1395 1595 1554 1655 ἐπαγό-

157 1696 284 1739 μενος
311 1679 529 1738 μάρτυρα.

261 1763 550 1815 Harpocratio
570 1775 607 1801 v.
636 1753 841 1813 Στρύμη.
892 1760 1058 1815 Stryme
1088 1759 1348 1800 Thasiorum
1377 1762 1553 1804 colonia

161 1848 206 1879 et
227 1839 480 1889 emporium,
507 1844 557 1874 ut
573 1834 861 1886 Harpocratio
890 1834 1037 1882 refert,
1067 1843 1110 1873 et
1127 1832 1227 1873 urbs
1245 1832 1473 1885 Thraciae,
1504 1846 1554 1876 ut

160 1908 404 1962 Stephanus
446 1922 498 1947 ex
524 1907 801 1947 Androtione
839 1906 1010 1954 scribit,
1057 1907 1115 1946 de
1144 1920 1231 1959 qua
1256 1905 1424 1947 Thasiis
1455 1922 1554 1948 cum

160 1984 390 2022 Maronitis
420 1984 644 2021 contentio
681 1981 788 2027 fuit,
827 1983 946 2019 cuius
977 1978 1259 2019 Archilochus
1288 1981 1336 2018 in
1364 1984 1555 2022 carmine

161 2057 409 2095 meminisse
423 2053 607 2092 videtur,
626 2053 695 2091 De
707 2053 914 2101 Maronea
935 2062 978 2092 et
988 2052 1211 2092 Maronitis
1230 2051 1316 2092 vid.
1328 2053 1478 2108 fragm.
1489 2055 1553 2100 56.

162 2141 255 2172 not.
284 2121 411 2178 Οἶνος
440 2123 694 2183 Ἰσμαρικός.

730 2379 989 2426 CXXVIII.

272 2476 500 2534 Ἡρακλῆς
539 2474 681 2532 *γήμας
714 2472 973 2531 Δηΐάνειραν
1013 2474 1094 2532 τὴν
1122 2476 1283 2529 Οἰνέως
1327 2477 1561 2534 θυγατέρα

169 2555 243 2599 καὶ
269 2555 431 2612 διάγων
461 2554 506 2598 ἐν
526 2553 788 2601 Καλυδῶνι,
828 2553 871 2596 ἐν
898 2554 1126 2610 συμποσίῳ
1156 2553 1327 2600 κύαθον
1359 2552 1452 2612 ἥτει
1481 2554 1559 2598 τὸν

170 2632 400 2688 οἰνοχόον,
427 2630 717 2688 ’Δρχιτέλους
738 2630 782 2673 δὲ
798 2629 934 2675 παῖδα
953 2626 1125 2687 πλήξας
1149 2631 1350 2688 κονδύλῳ
1373 2632 1561 2682 ἀνεῖλεν,

169 2706 241 2753 ὅτι
266 2702 392 2765 αὐτῷ
413 2707 473 2751 τὰ
502 2708 770 2766 ποδάνιπτρα
800 2707 942 2752 ὕδατα
970 2709 1141 2765 ἀγνοῶν
1174 2707 1242 2753 ἐπὶ
1269 2710 1359 2753 τῶν
1396 2710 1561 2769 χειρῶν

173 2785 369 2844 ἐπέχεεν.
430 2785 612 2843 Φεὺγων
635 2777 713 2830 οὖν
734 2785 811 2831 τὸν
833 2786 972 2841 φόνον
998 2785 1073 2830 καὶ
1094 2788 1172 2830 σὺν
1191 2788 1249 2845 τῇ
1267 2789 1445 2848 γαμετῇ
1470 2788 1564 2844 ςελ·
