1846 3308
641 312 1016 355 ..209-

130 439 192 476 sic
222 435 443 487 exprimit:
493 430 629 474 multa
666 443 816 470 senem
851 429 1196 467 circumveniunt
1230 425 1525 468 incommoda.

131 508 324 548 Similem
343 507 434 546 fere
452 519 625 546 sensum
644 502 778 542 habet
801 504 850 540 in
877 500 955 539 illo
979 498 1180 553 Aeschyli
1203 499 1304 539 loco
1326 498 1523 552 Choeph.

131 599 168 625 ν.
187 590 275 636 452.
302 578 456 636 πρέπει
476 577 511 620 δ’
534 574 755 633 ἀκάμπτῳ
786 572 906 630 μένει
938 572 1175 627 καθήκειν,
1201 579 1230 615 i.
1254 590 1290 615 e.
1320 572 1420 615 κατ’
1452 567 1526 615 αὖ·

131 659 223 702 τῶν
254 654 400 715 ἥκειν,
446 669 621 712 oportet
657 672 732 698 eos
765 655 943 712 aggredi
977 654 1134 695 robore
1167 653 1405 692 inflexibili.
1468 654 1529 694 Ut

137 748 281 778 autem
318 735 389 776 hic
415 731 534 774 κατὰ
560 737 678 774 casui
716 736 1006 787 postpositum
1034 741 1097 771 est
1122 745 1220 770 cnm
1246 729 1379 769 verbo
1417 723 1527 782 ἥκω,

134 819 195 855 ita
237 813 354 867 apud
397 811 590 864 Euripid.
630 810 852 851 Phoeniss.
895 824 933 850 v.
959 814 1049 861 440.
1087 809 1354 861 praepositio
1389 799 1528 859 μετὰε

127 887 184 933 “A
211 885 292 945 ’γῶ
322 884 424 945 μέθ’
456 882 549 942 ἥκω
582 883 730 940 δεῦρο,
756 902 840 942 pro
866 887 971 942 μεθ’
999 880 1031 925 ὃ
1062 881 1150 939 ἐγὼ
1181 878 1290 939 ἥκω.

764 1118 910 1165 XCV.

275 1206 491 1268 Πολλὰς
527 1205 585 1258 δὲ
620 1206 831 1272 τυφλὰς
869 1203 1124 1272 ἐγχέλυας
1162 1198 1340 1258 ἐδέξω.

276 1349 472 1397 Multas
524 1359 693 1395 autem
726 1362 895 1395 coecas
930 1345 1179 1411 anguillas
1215 1343 1404 1407 cepisti.

218 1492 470 1534 Athenaeus
489 1493 538 1531 L.
551 1492 645 1531 VH.
668 1506 712 1544 p.
730 1503 818 1543 299.
838 1491 890 1531 A.
914 1486 1112 1544 Ὁμήρου
1133 1485 1178 1528 δὲ
1197 1485 1417 1534 εἰπόντος·
1446 1483 1542 1527 Τεὶ·

144 1565 259 1625 ροντ’
301 1564 518 1624 ἐγχέλυές
546 1581 596 1608 τε
623 1563 698 1608 καὶ
729 1562 912 1621 ἰχθύες,
965 1563 1230 1616 ἀκολούθως
1256 1563 1430 1619 ἐποίησε
1470 1560 1544 1604 καὶ

141 1643 441 1704 ’Δρχίλοχος·
469 1642 658 1695 Πολλὰς
679 1659 721 1686 κ.
742 1658 783 1685 τ.
801 1641 844 1684 λ.
882 1647 1074 1687 Metrum
1095 1658 1145 1687 ut
1162 1646 1447 1700 praecedens,
1468 1643 1547 1684 sed

146 1721 371 1780 ἐγχέλυας
391 1737 612 1767 contracte
633 1725 886 1781 legendum,
916 1736 965 1764 ut
980 1725 1149 1765 iambus
1170 1728 1226 1765 sit
1243 1728 1290 1764 in
1312 1724 1416 1764 sede
1436 1725 1546 1775 pari.

256 1799 499 1856 Τυφλὰς
548 1797 838 1857 ἐγχέλυας
872 1801 1157 1843 Archilochus
1186 1815 1256 1845 eas
1285 1802 1457 1841 videtur
1484 1799 1549 1838 di·

148 1892 272 1926 cere,
320 1881 423 1930 quia
448 1880 504 1925 ii,
551 1880 627 1930 qui
661 1876 872 1931 anguillas
901 1879 1148 1928 piscantur,
1190 1888 1348 1928 aquam
1374 1871 1548 1912 turbare

148 1951 315 1998 solent,
343 1961 392 1989 ut
410 1949 578 1989 facilius
596 1953 643 1988 in
665 1963 777 2002 aqua
797 1948 997 1997 turbida,
1024 1952 1072 1988 in
1092 1962 1180 2001 qua
1197 1961 1283 1986 nec
1296 1949 1550 1998 piscatores,

146 2021 473 2076 ,neceffugium
504 2022 654 2062 videre
682 2031 886 2074 possunt,
917 2024 1167 2073 capiantur,
1202 2019 1250 2060 id
1277 2019 1400 2072 quod
1420 2029 1473 2064 ‚et
1504 2022 1553 2058 in

153 2096 245 2136 aliis
262 2095 575 2149 piscationibus
594 2095 815 2134 interdum
833 2094 927 2135 fieri
945 2092 1072 2142 solet,
1098 2092 1168 2133 vel
1188 2095 1335 2141 etiam,
1353 2101 1402 2131 ut
1418 2089 1553 2130 Athe-

151 2185 289 2213 naeus
318 2186 369 2212 ex
387 2171 620 2212 Aristotele
647 2170 789 2210 adfert
814 2172 862 2210 L.
882 2171 977 2210 VII.
1006 2185 1050 2223 p.
1072 2177 1160 2223 298.
1201 2168 1252 2209 Β.
1276 2162 1555 2221 ’Δριςοτὲλης

155 2244 200 2288 δὲ
217 2246 390 2304 χαίρειν
420 2247 531 2300 φησὶ
560 2250 694 2300 (Hist.
715 2258 805 2287 nat.
825 2249 872 2287 L.
891 2248 965 2287 VI.
989 2262 1023 2286 c.
1043 2249 1104 2299 2.)
1132 2243 1209 2295 τὰς
1243 2240 1449 2299 ἐγχέλεις
1478 2258 1555 2284 κα-

153 2324 405 2383 θαρωτάτῳ
436 2321 589 2371 ὕδατι,
630 2319 736 2365 ὅθεν
775 2320 879 2372 τοὺς
919 2319 1316 2379 ἐγχελυοτρόφους
1354 2318 1555 2377 καθαρὸν

157 2395 306 2451 αὗτοῖς
326 2400 511 2458 ἐπιχεῖν.
570 2399 818 2455 Πνίγεσθαι
840 2398 926 2458 γὰρ
947 2398 989 2442 ἐν
1022 2399 1090 2455 τῷ
1123 2397 1314 2457 θολερῷ.
1367 2396 1448 2439 Διὸ
1482 2396 1555 2438 καὶ

156 2479 197 2521 οἱ
245 2477 504 2535 θηρεύοντες
550 2476 741 2523 ,θολοῦσι
789 2475 843 2519 τὸ
869 2465 873 2466 ⁷
897 2474 1035 2535 ὕδωρ,
1090 2475 1160 2518 ἵνα
1209 2476 1556 2530 ἀποπνίγωνται.

159 2556 313 2598 Λεπτά
344 2555 429 2615 γὰρ
459 2557 616 2614 ἔχουσι
658 2554 717 2599 τὰ
753 2554 988 2612 βράγχια,
1042 2554 1117 2598 καὶ
1147 2552 1309 2598 αὐτίκα
1351 2551 1434 2594 ὑπὸ
1476 2550 1556 2593 τοῦ

157 2632 304 2677 ,90λοῦ
323 2633 425 2682 τοὺς
443 2636 601 2693 πόρους
622 2633 1044 2691 ἐπιπωματίζονται.
1074 2631 1215 2676 ’Όθεν
1239 2631 1324 2686 κᾴν
1353 2630 1445 2675 τοῖς
1465 2644 1558 2685 χει·

161 2712 301 2769 μῶσιν
345 2708 428 2754 ὑπὸ
466 2711 556 2754 τῶν
592 2710 857 2768 πνευμάτων
902 2710 1238 2768 ταραττομένου
1278 2706 1359 2752 τοῦ
1402 2704 1561 2757 ὕδατος
1626 2722 1630 2725 *

165 2789 499 2846 ἀποπνίγονται.

1019 2864 1056 2903 Ο
