1846 3308
802 303 868 311 .-
940 284 1005 335 78
1074 306 1140 312 .-,

380 406 570 463 Ῥοδῆς
625 423 683 451 τε
741 407 922 453 καλὸν
975 405 1158 461 ἄνθος.
1228 413 1299 452 De
1336 425 1436 453 rosa
1473 415 1666 468 quidem,

279 500 411 540 quam
453 499 551 525 cum
596 485 754 525 fronde
790 498 955 541 myrtea
990 487 1189 527 manibus
1240 484 1441 535 tenebat,
1484 489 1669 543 intelligi

275 569 443 611 potest,
482 557 560 598 sed
585 557 691 597 mihi
716 562 860 611 potius
889 561 944 600 de
973 561 1136 601 corolla
1163 573 1341 600 rosacea
1369 561 1670 612 accipiendum

275 632 457 672 videtur.
513 631 716 671 Coronae
744 636 859 672 enim
888 647 939 673 ex
962 637 1068 674 rosis
1097 634 1236 674 factae
1263 631 1478 672 veteribus
1504 637 1670 686 praeci-

215 694 220 699 *
273 719 362 759 pue
389 708 436 744 in
463 704 628 744 deliciis
658 715 801 753 erant,
838 709 898 745 ita
924 716 973 746 ut
1000 721 1069 746 eas
1097 720 1189 746 non
1210 706 1344 745 modo
1374 707 1504 757 capiti
1529 708 1670 758 impo-

274 788 457 826 nerent,
514 777 593 816 sed
628 777 683 816 de
726 778 840 817 collo
882 782 1012 818 etiam
1052 779 1382 832 suspenderent.
1452 777 1667 819 Plutarch.

274 856 420 908 Symp.
448 853 586 893 L.111.
614 853 757 905 probl.
785 867 826 892 α.
854 869 897 908 p.
918 856 1015 904 565,
1061 856 1133 904 66,
1181 857 1244 909 67.
1295 855 1366 895 De
1392 858 1515 895 variis
1544 870 1671 896 coro.-

274 931 340 968 nis
369 940 606 979 earumque
632 941 714 966 usu
742 938 785 967 et
811 928 1060 969 nominibus
1089 928 1298 968 Athenae.
1324 928 1371 966 L.
1391 928 1487 967 XV.
1515 942 1559 981 p.
1578 929 1667 981 669.

274 1010 318 1039 et
351 1014 473 1053 seqq.
537 999 679 1039 carol.
715 1000 909 1041 Paschal.
947 1002 1002 1041 de
1040 1004 1225 1041 coronis.
1259 999 1503 1052 Asclepiad.
1541 1001 1667 1041 Anal-

272 1073 325 1112 T.
347 1073 379 1113 Ι.
407 1086 450 1125 p.
472 1072 559 1112 216.
586 1072 730 1126 Epigr.
756 1074 936 1114 XXVII.
965 1088 1017 1114 ex
1044 1074 1214 1114 emend.
1244 1073 1359 1113 doct.
1386 1072 1552 1113 Iacobs.

383 1146 538 1205 Τρεῖς,
579 1147 781 1204 Καρίων,
813 1146 917 1205 ἡμῖν
948 1145 1068 1202 λάβε
1097 1145 1316 1197 κόλλικας
1352 1171 1409 1180 -
1447 1145 1552 1190 ἀλλ’
1583 1143 1667 1206 ἄγε

1147 1221 1315 1284 θρέξω
1336 1249 1392 1258 -

485 1301 574 1346 Καὶ
604 1303 736 1348 πέντε
765 1303 1005 1361 ςεφὰνους,
1049 1304 1138 1348 τῶν
1167 1303 1345 1364 ῥοδίνων
1375 1303 1410 1346 δ’
1441 1297 1637 1355 ἂπόπαξ.

905 1529 1032 1574 VIII.

491 1615 624 1672 Βοῦς
661 1611 756 1677 ἐςιν
793 1611 904 1677 ἡμῖν
935 1612 1151 1684 ἐργάτης
1183 1612 1230 1664 ἐν
1267 1610 1401 1679 οἰκίη

489 1705 764 1776 Κορωνός,
809 1703 977 1774 ἔργων
1016 1703 1158 1774 ἴδρις.

491 1850 758 1913 Operarius
795 1849 916 1910 bos,
965 1868 1058 1899 nec
1088 1848 1274 1898 laboris
1308 1850 1495 1899 inscius

489 1941 705 1989 Cervicis
745 1941 901 1988 elatae
937 1952 1012 1988 est
1047 1940 1187 1988 domi
1220 1941 1386 1990 nobis.

371 2086 509 2140 Etym.
531 2085 594 2124 M.
621 2100 660 2126 v.
689 2082 892 2140 κορωνός.

366 2160 512 2211 Βοῦς
548 2181 605 2192 --
643 2157 905 2217 ἐργάτης.
964 2164 1049 2205 Bos
1089 2175 1249 2213 arator,
1299 2169 1374 2218 qui
1400 2169 1546 2221 magni
1587 2166 1663 2206 fie-

268 2235 343 2275 bat
373 2251 395 2275 a
422 2236 653 2277 veteribus.
718 2238 923 2276 Addaeus
951 2241 1085 2291 epigr.
1104 2238 1329 2277 HLAnal.
1357 2239 1407 2277 T.
1428 2239 1480 2277 II.
1507 2252 1551 2291 p.
1574 2245 1661 2292 241.

327 2305 506 2352 Δῦλακι
538 2308 611 2351 καὶ
643 2309 757 2366 γήρᾳ
786 2309 1049 2367 τετρυμένον
1088 2308 1389 2366 ἐργατίνην
1425 2311 1568 2363 βοῢυ

422 2382 605 2429 ’Άλκων
639 2384 689 2429 οὐ
722 2388 879 2442 φονὶην
910 2382 1053 2442 ἤγαγε
1082 2387 1188 2443 πρὸς
1215 2387 1395 2438 κοπίδα,

322 2461 544 2514 Αἰδεσθεὶς
582 2462 772 2522 ἔργων.

270 2531 344 2580 υΛΜ
379 2541 432 2580 cf.
470 2541 635 2580 Iacobs.
665 2540 888 2580 Animadv.
920 2541 974 2580 V.
994 2541 1047 2580 ΙΙ.
1082 2542 1128 2582 P.
1149 2542 1202 2581 ΙΙ.
1237 2557 1280 2595 p.
1300 2551 1386 2590 252.
1425 2544 1569 2599 legem
1605 2545 1661 2586 de

271 2614 410 2653 bobus
438 2612 678 2653 aratoribus
705 2626 798 2652 non
825 2614 1050 2653 necandis.

369 2687 642 2743 Κορωνός.
693 2684 714 2728 ὁ
744 2685 905 2743 ’γαῦρος
934 2685 1007 2729 καὶ
1041 2682 1276 2745 ὑψαὺχην,
1316 2688 1437 2749 παρὰ
1465 2690 1517 2734 τὸ
1547 2690 1661 2748 κάρα

266 2764 384 2807 κατὰ
421 2762 661 2820 μετάθεσιν
702 2762 783 2813 τοῦ
824 2779 852 2805 α
891 2764 949 2815 εἰς
987 2780 1023 2809 ο.
1062 2773 1123 2810 sic
1155 2772 1293 2826 Etym.
1330 2773 1392 2811 M.
1423 2776 1492 2813 cui
1529 2773 1661 2825 expli·

1838 2619 1846 2725 ..rann-..on
1844 2585 1846 2587 .
