1846 3308
705 244 1076 292 ...215-

289 365 539 407 Athenaeus
575 368 621 407 L.
643 368 759 425 XIV.
795 383 838 420 p.
858 370 947 416 653.
984 369 1039 408 D.
1103 370 1338 422 Quaeritur
1364 369 1435 410 hic
1469 373 1583 411 inter

191 438 426 491 sophistas,
487 454 702 493 quaenam
738 444 822 480 sint
857 441 958 494 illae
995 441 1124 489 ficus,
1180 444 1247 481 vel
1282 458 1416 493 uvae,
1475 458 1581 497 quas

190 514 313 554 Plato
350 516 396 555 L.
425 516 536 556 VIII.
575 516 631 556 de
664 517 768 569 Leg.
806 530 1061 569 generosas,
1109 514 1318 570 ςαφυλὴν
1359 516 1577 573 γενναίαν,

189 587 304 631 σῦκα
344 590 523 644 γενναῖοι
560 604 707 642 vocat,
756 604 798 633 et
832 595 1043 635 Masurius
1077 597 1336 648 respondet:
1387 595 1580 637 Γενναῖα

188 663 311 722 λέγει
341 665 400 708 τὰ
428 662 580 723 εὐγενῆ
611 665 632 709 ὁ
664 665 941 720 Φιλόσοφος,
971 665 1027 718 ὡς
1057 669 1131 710 καὶ
1159 654 1457 728 ’Δρχίλοχοφ
1484 669 1578 713 Πά-

188 741 338 801 ρελθε,
366 759 407 799 γ.
438 758 480 799 γ.
511 738 560 787 εἶ.
621 746 827 796 Γενναῖος
853 751 970 790 idem
996 765 1125 804 saepe
1144 752 1317 792 Platoni
1344 767 1435 793 esse
1454 754 1577 806 quod

187 814 384 876 εὐγενὴς,
419 828 512 863 non
540 834 603 864 est
630 825 826 865 dubium.
878 828 948 866 Sic
975 828 1198 880 Protagor.
1231 828 1283 867 T.
1308 829 1380 867 III.
1416 842 1460 881 p.
1488 835 1573 875 105·

186 898 382 954 γενναῖος
408 910 451 940 et
478 896 632 954 ἂγενὴς
658 902 740 941 sibi
768 914 1065 957 opponuntur.
1130 902 1432 945 Differentiam
1469 919 1574 945 vero

186 981 277 1017 eius
316 977 369 1018 ab
398 967 574 1031 εὐγενὴς
610 979 795 1031 explicat
827 980 1045 1020 Aristotel.
1084 979 1262 1019 Rhetor.
1297 980 1416 1020 L.11.
1455 989 1573 1028 c.51.

174 1046 273 1103 ’Έςι
302 1050 346 1092 δὲ
374 1049 543 1107 εὐγενὲς
568 1053 647 1108 μὲν
691 1053 811 1096 κατὰ
839 1053 919 1110 τὴν
957 1052 1037 1096 τοῦ
1069 1052 1221 1109 ’γένους
1257 1051 1435 1109 ἀρετήν·
1480 1069 1574 1109 ’γεν-

184 1128 303 1171 ναῖον
343 1127 388 1170 δὲ
429 1130 546 1172 κατὰ
578 1130 631 1172 τὸ
670 1131 729 1187 μὴ
772 1124 1001 1184 ἑξίςασθαι
1029 1129 1077 1173 ἐκ
1108 1131 1184 1186 τῆς
1212 1127 1408 1184 φύσεως,
1446 1136 1573 1188 quid-

182 1206 289 1258 quid
316 1209 465 1260 itaque
493 1221 517 1246 a
544 1218 697 1247 natura
732 1207 802 1247 vel
839 1223 862 1247 a
897 1212 1052 1247 virtute
1089 1221 1170 1260 per
1204 1217 1403 1247 naturam
1441 1210 1481 1246 ei
1507 1211 1574 1246 in-

179 1281 260 1317 sita
286 1292 374 1317 non
401 1279 651 1333 degenerat.
712 1281 872 1327 Versus
911 1290 975 1320 est
1009 1280 1192 1320 dimeter
1226 1277 1436 1318 iambicus
1477 1292 1573 1318 aca-

182 1351 418 1390 talecticus.

830 1616 931 1660 CII.

454 1709 858 1772 Πτώσσουσαν,
909 1710 1013 1774 ‹dg-s
1047 1709 1276 1783 πέρδικα.

453 1877 766 1927 Perterritam
781 1914 794 1936 ,
839 1878 999 1926 instar
1033 1878 1260 1941 perdicis.

274 2045 524 2087 'Athenaeus
550 2047 598 2085 L.
611 2046 701 2085 ‘IX.
728 2059 771 2098 p.
791 2052 879 2093 388.
905 2047 950 2086 F.
977 2035 1154 2100 Πέρδιξ.
1200 2039 1371 2085 τοῦτων
1399 2040 1566 2086 πολλοὶ

176 2120 255 2175 μὲν
299 2119 565 2177 μέμνηνται,
604 2118 658 2180 ὡς
687 2117 760 2161 καὶ
799 2118 1099 2175 Ἀριςοφάνης.
1147 2119 1228 2162 τοῦ
1269 2119 1317 2161 δὲ’
1352 2118 1567 2176 ὀνόματος

175 2192 324 2241 αὐτῶν
355 2195 458 2240 ἔνιοι
501 2194 765 2249 συςὲλλουσι
806 2196 885 2252 ⁷31⁹
913 2196 1048 2253 μέσην
1079 2195 1340 2253 συλλαβὴν,
1390 2194 1447 2248 ὡς
1472 2196 1565 2257 ’Δρ-

173 2275 393 2332 χίλοχος’
427 2275 744 2322 Πτίυσσουσαν,
776 2270 825 2316 αἵ.
849 2289 895 2316 π.
923 2279 1112 2318 Metram
1139 2289 1188 2318 ut
1215 2282 1343 2331 prius.

272 2353 342 2392 De
379 2355 619 2405 quantitate
659 2351 830 2390 mediae
866 2350 1058 2405 syllabae
1099 2351 1224 2391 huius
1261 2355 1378 2392 vocis
1416 2352 1564 2392 scribit

174 2434 325 2464 auctor
357 2425 590 2476 prosodiae
626 2438 650 2462 a
688 2423 751 2462 Ct.
789 2424 1042 2463 Hermanno
1082 2424 1223 2463 editae
1260 2434 1304 2463 et
1331 2425 1562 2464 adiunctae

171 2494 284 2534 libro
307 2496 361 2535 de
390 2496 664 2536 emendanda
690 2498 860 2535 ratione
887 2509 1068 2551 graecae
1087 2500 1387 2551 grammaticae
1407 2511 1451 2550 p.
1469 2501 1559 2549 454.

172 2568 307 2622 regul.
335 2569 398 2619 64.
450 2570 685 2622 Postquam
710 2568 921 2618 ostendit,
949 2571 1160 2623 genitivos
1189 2583 1344 2609 vocum
1370 2570 1562 2622 plurium

171 2643 430 2699 syllabarum
474 2648 522 2685 in
562 2636 590 2692 ξ
627 2645 788 2685 habere
826 2658 839 2684 ι
874 2645 1079 2699 longum,
1133 2646 1237 2684 dum
1283 2656 1385 2685 ante
1427 2645 1560 2685 finem

171 2724 286 2762 vocis
313 2722 490 2775 longam
517 2721 680 2763 habent
706 2723 939 2778 syllabam,
966 2733 1014 2762 ut
1041 2713 1216 2774 φοίνιξ,
1247 2719 1360 2771 tang,
1388 2713 1557 2770 τέττιξ,
