1846 3308
772 295 842 305 .--
915 274 1010 324 118
1078 293 1147 303 ...-

267 403 498 461 θρᾳκικοῖς
527 400 858 460 ἀπειλημμένος,
880 399 1029 450 δεινοῖς
1056 398 1133 443 τὸν
1163 398 1360 456 πόλεμον
1390 397 1551 455 εἰκάζει
1581 401 1661 442 θα-

270 480 443 535 λαττίῳ
492 476 709 526 κλύδωνι,
756 478 902 535 λέγων
954 470 1063 522 ὦδε·
1113 474 1296 533 Γλαῦχ’
1335 474 1417 533 ὅρα
1457 491 1499 518 κ.
1532 492 1572 518 τ.
1617 473 1660 516 λ.

271 558 487 599 Plutarch.
516 558 571 598 de
598 559 904 610 superstitione
940 557 990 594 T.
1011 556 1084 594 IV.
1123 569 1164 607 p.
1186 555 1274 607 645.
1315 553 1491 593 eosdem
1521 565 1662 592 versus

274 650 414 690 usque
441 631 661 689 χειμῶνος
687 638 778 675 sine
797 638 977 674 nomine
998 636 1182 674 auctoris
1206 632 1358 671 adfert.
1410 628 1665 681 Theophra-

275 718 363 749 stus
381 710 429 749 L.
452 710 507 749 de
526 711 655 763 signis
676 716 978 758 tempestatum
1002 720 1044 758 p.
1066 710 1152 757 243.
1179 706 1280 746 edit.
1304 704 1536 743 Basileens.
1555 703 1665 753 1541.

274 790 442 839 priores
480 787 588 826 duos
624 798 768 826 versus
807 788 929 834 citat,
966 795 1009 824 et
1042 784 1257 826 scholiast.
1295 783 1582 835 Hermogenis
1611 774 1668 826 εἷς

277 861 415 917 τόμον
434 861 482 913 β.
510 880 551 918 p.
573 868 663 915 404.
690 867 877 915 primum
903 864 1043 904 solum
1069 877 1252 903 versum.

380 956 432 995 V.
459 971 493 996 1.
529 952 749 1009 Γλαῦχ’
790 949 901 1008 ὅρα·
962 956 1032 994 Sic
1056 953 1342 1006 Theophrast.
1381 962 1424 993 et
1449 950 1666 991 scholiast-

279 1033 581 1088 Hermogenis.
642 1035 694 1074 In
729 1031 958 1073 Plutarcho
996 1042 1038 1071 et
1065 1031 1295 1070 Heraclide
1329 1029 1442 1068 male
1468 1023 1669 1070 Γλαῦκε,

280 1103 375 1163 ὅρα.
450 1111 638 1150 Glaucus
677 1109 790 1149 filius
837 1107 1059 1147 cuiusdam
1098 1108 1316 1159 Leptinis,
1361 1118 1493 1159 quem
1542 1107 1672 1143 etiam

279 1185 430 1238 fragm.
450 1192 513 1236 57.
543 1184 792 1236 alloquitur.

376 1273 602 1333 Κύμασι
653 1272 1022 1331 ταράσσεται.
1084 1274 1154 1313 Sic
1186 1276 1233 1313 in
1267 1271 1552 1326 Theophrast.
1583 1274 1672 1313 He-

278 1355 428 1395 raclid.
459 1366 501 1394 et
527 1357 718 1409 reliquis.
746 1347 949 1407 Κύμασιν
972 1350 1138 1392 'mavult
1160 1349 1339 1399 Schow,
1381 1351 1502 1404 quod
1527 1361 1674 1402 tamen

279 1436 569 1471 necessarium
614 1446 708 1472 non
755 1442 830 1472 est.
867 1432 1020 1485 Odyss.
1061 1443 1093 1469 ε.
1132 1435 1218 1481 289.
1264 1423 1427 1480 σύναγε
1467 1422 1674 1479 νεφέλας,

227 1538 229 1541 -
284 1499 523 1563 ἐτάραξε
563 1505 607 1547 δὲ
636 1505 812 1548 πόντον.
872 1507 1010 1547 Solon
1036 1506 1142 1558 frag.
1168 1511 1226 1550 18.
1254 1518 1292 1543 v.
1314 1512 1351 1552 3.
1380 1507 1493 1544 inter
1520 1506 1675 1545 Poetas

283 1590 509 1636 gnomicos
526 1588 755 1627 Brunckii:
782 1575 862 1632 Ἐξ
884 1579 1054 1638 ἀνέμων
1084 1577 1128 1620 δὲ
1153 1576 1366 1621 θάλασσα
1393 1577 1675 1635 ταράσσεται.

384 1681 436 1719 V.
457 1695 492 1720 2.
528 1675 699 1733 Ἀμφὶ
749 1675 782 1718 δ’
826 1670 967 1730 ἄκρα
1016 1669 1220 1728 ’γυρεὸν
1271 1669 1457 1728 ὀρθόν.
1487 1667 1672 1729 ''Aupm

286 1753 356 1791 Sic
383 1752 662 1800 Heraclides,
714 1752 836 1806 quod
862 1753 1087 1791 Hermann
1124 1748 1178 1790 de
1204 1749 1355 1787 Metris
1389 1762 1432 1800 p.
1461 1755 1545 1795 118.
1580 1763 1678 1802 pro—

287 1829 383 1878 bat,
420 1840 468 1871 ut
494 1830 721 1873 trochaeus
749 1841 963 1876 servetur3
999 1842 1102 1868 nam
1122 1813 1175 1866 'in
1198 1825 1499 1879 Theophrasto
1528 1817 1679 1879 ἄκρας,

287 1909 334 1945 in
362 1906 593 1947 Plutarcho
623 1900 738 1960 ἄκρᾳ
764 1909 945 1963 legitur,
982 1884 1334 1961 quod'Canterus
1360 1904 1460 1943 Var.
1487 1904 1604 1944 Lect.
1624 1905 1678 1945 Π.

286 1993 330 2032 p.
352 1984 417 2032 94.
444 1981 743 2032 recipiendum
770 1992 907 2034 putat.

387 2073 426 2111 Γ
441 2086 464 2113 υ
478 2087 498 2129 ρ
512 2088 531 2114 ε
544 2071 567 2114 ό
580 2086 614 2114 ν.
639 2075 885 2119 Wakefield
906 2088 1069 2115 nomen
1087 2078 1244 2115 montis
1260 2067 1404 2126 Γὺρης
1428 2073 1497 2113 vel
1511 2067 1681 2126 Γὺρους

289 2154 335 2190 in
363 2146 519 2204 Ύυρεὸυ
539 2154 673 2194 latere
697 2163 867 2202 censet,
894 2153 963 2192 vel
985 2152 1220 2206 legendum
1241 2164 1331 2190 esse
1350 2145 1469 2202 ἀμφὶ
1500 2145 1534 2188 δ’
1563 2144 1680 2207 σ’ίκρα

287 2230 328 2267 τ’
358 2221 504 2284 α’ἷρους.
558 2231 669 2284 Sylv.
691 2231 849 2268 Critica
875 2231 925 2268 T.
945 2229 1018 2268 IV.
1043 2243 1086 2280 p.
1101 2228 1197 2267 206.·
1216 2222 1381 2278 Γυρεὸν
1407 2242 1510 2268 vero
1541 2239 1604 2268 est
1631 2243 1681 2269 ex

291 2307 600 2361 emendatione
620 2308 794 2345 Canteri
811 2306 838 2344 1.
861 2320 895 2344 c.
920 2319 1000 2357 pro
1029 2300 1199 2357 Ὑυερόν,
1229 2304 1350 2356 quod
1366 2306 1413 2342 in
1433 2304 1679 2354 Heraclide,

291 2395 335 2424 et
361 2380 570 2440 Ὑυρεῢον,
598 2384 720 2438 quod
746 2387 792 2422 in
812 2382 1042 2423 Plutarcho
1073 2393 1158 2428 est;
1185 2379 1544 2432 inTheophrasto
1572 2380 1682 2421 haec

289 2477 371 2502 vox
390 2462 523 2501 deest.
566 2461 688 2500 Idem
711 2474 802 2500 esse
825 2461 947 2513 quod
966 2454 1115 2514 γυρὸν,
1144 2473 1240 2498 cum
1265 2459 1328 2498 Cl.
1349 2457 1504 2497 Schow
1521 2462 1679 2508 sentio,

289 2540 358 2580 vel
380 2543 509 2578 etiam
527 2533 713 2592 κυρτὸν,
741 2538 789 2578 11.
812 2532 847 2575 δ.
866 2539 955 2589 426.
979 2547 1052 2577 aut
1073 2531 1324 2589 κυρτωθέν,
1354 2536 1505 2589 Odyss.
1528 2530 1572 2573 λ.
1591 2541 1679 2586 243.

293 2631 381 2670 quo
410 2618 625 2657 Homerus
654 2616 709 2656 de
734 2614 870 2654 fluctu
895 2617 1054 2662 utitur,
1091 2609 1251 2666 κυρτὸν
1292 2608 1360 2651 ἑὸν
1389 2609 1681 2665 κορυφοῦται,

291 2689 454 2728 nubem
493 2702 750 2737 convexam,
798 2702 910 2741 quae
945 2697 1062 2727 recta
1099 2701 1229 2740 super
1264 2690 1422 2727 montis
1458 2687 1682 2725 cacumine

294 2772 376 2802 stat
403 2765 533 2814 eique
560 2765 758 2802 imminet
782 2761 848 2801 ve]
878 2760 1102 2802 incumbit.
