1846 3308
651 281 1024 330 ...223-

146 420 382 466 congruat,
419 402 666 464 συμβούλῳ
699 410 936 465 legendum
966 419 1054 459 est,
1088 419 1137 449 ut
1156 408 1273 463 apud
1291 411 1532 452 Homerum

121 543 125 546 ,
146 503 245 529 cum
263 489 435 538 dativo,
474 493 544 529 cui
576 491 693 528 casui
718 491 848 527 etiam
872 489 1067 540 iungitur
1094 488 1143 526 11.
1163 499 1209 526 π.
1243 502 1280 528 v.
1297 496 1388 541 487.
1415 483 1531 529 λέων

144 561 404 620 ἂγέλῃφι
443 560 755 617 μετελθὼν.
812 564 924 603 Nam
950 559 1253 617 μετέρχεσθαι
1282 580 1379 605 cum
1407 582 1533 609 accu-

145 644 281 682 sativo
310 641 413 681 alias
441 642 632 680 construi
658 638 775 691 apud
801 647 998 678 auctores
1025 640 1183 689 passim
1210 637 1386 678 obvium
1414 652 1490 682 est.

756 866 920 912 CXIV.

578 953 639 1005 3A
672 954 800 1006 δέκα
834 951 1080 1023 ταύρους.

584 1123 664 1173 Ah
685 1122 852 1169 decem
884 1117 1082 1169 tauros!

242 1292 395 1331 Suidas
413 1305 451 1332 v.
479 1277 534 1328 ἆ·
571 1283 769 1343 σημαίνει
800 1284 845 1328 δὲ
872 1283 945 1327 καὶ
974 1282 1026 1326 τὸ
1057 1282 1174 1327 πολὺ
1199 1284 1272 1328 καὶ
1293 1285 1413 1343 μέγα
1433 1289 1535 1348 παρ’

143 1364 433 1422 ’Δρχιλόχῳ·
468 1355 523 1407 ‘A
553 1363 589 1406 δ.
619 1359 745 1420 ταῦρ.
784 1387 839 1395 -
882 1353 913 1403 οἷ
946 1370 1150 1407 nimirum
1185 1372 1429 1411 interiectio
1465 1373 1534 1412 vel

146 1442 398 1482 exclamatio
437 1455 527 1481 esse
577 1441 748 1480 videtur
789 1440 1037 1480 admirantis
1078 1441 1147 1481 vel
1188 1445 1535 1497 magnitudinem

144 1515 214 1553 vel
233 1514 558 1553 multitudinem
577 1517 655 1552 rei.
706 1513 911 1553 Kiisterus
941 1513 996 1552 ad
1028 1514 1204 1553 Suidam
1233 1526 1381 1565 notat,
1417 1518 1535 1570 apud

145 1591 437 1631 Phavorinum
474 1592 562 1646 legi
595 1578 625 1628 d}
665 1584 753 1628 ἔξοιδ’
791 1583 848 1638 εἷς
884 1602 933 1629 τε
969 1581 1180 1643 ταύρους,
1229 1592 1350 1644 quod
1386 1604 1536 1645 aperte

145 1675 398 1717 corruptum
421 1674 509 1713 est,
540 1678 792 1718 quanquam
814 1665 942 1702 etiam
962 1667 1022 1702 sic
1043 1663 1202 1718 legitur
1220 1667 1266 1703 in
1285 1664 1458 1706 scholiis
1478 1667 1535 1706 ad

143 1736 336 1776 Platonis
380 1738 585 1790 Hippiam
621 1740 831 1776 maiorem
869 1739 916 1774 in
949 1736 1113 1776 Anecd.
1155 1737 1309 1776 Graec.
1354 1738 1535 1779 Sieben-

144 1808 295 1848 keesii.
357 1810 521 1849 Verum
540 1810 699 1848 Suidae
730 1809 887 1857 lectio,
926 1822 1039 1862 quae
1067 1809 1217 1848 saltem
1234 1823 1409 1857 sensum
1431 1825 1537 1863 qua-

144 1880 412 1935 lemcunque
432 1882 641 1931 admittit,
668 1879 959 1934 praeferenda
981 1883 1140 1934 cuique
1158 1881 1389 1923 videbitur.

771 2110 913 2157 CXV.

423 2196 730 2269 Καρπάθιος
765 2200 856 2248 τὸν
891 2196 1153 2269 μάρτυρα.

423 2365 718 2430 Carpathius
750 2377 928 2413 testem
964 2365 1248 2427 (adducit).

224 2529 409 2583 Hesych.
427 2546 466 2572 v.
487 2529 753 2589 Κάρπαθος·
785 2529 1046 2585 Kapan-&9105
1072 2529 1150 2573 τὸν
1177 2528 1394 2587 μάρτυρα.
1425 2530 1540 2588 Καρ·

147 2600 309 2652 πᾶθίθς
347 2601 391 2645 δὲ
430 2603 608 2662 λαγὼν,
656 2602 753 2650 κατ’
791 2604 1000 2664 ἔλλειψιν
1043 2607 1123 2651 τοῦ
1164 2606 1427 2663 ἐπηγάγετο.
1472 2605 1543 2648 διὰ

149 2678 236 2735 γὰρ
274 2678 326 2722 τὸ
373 2680 434 2736 μὴ
471 2677 578 2726 εἶναι
619 2683 821 2741 λαγωοὺς
863 2684 907 2729 ἐν
955 2686 1013 2741 τῇ
1048 2684 1202 2742 χώρᾳ,
1263 2682 1543 2739 ἐπηγάγοντο

151 2753 293 2808 αὐτοὶ,
342 2755 415 2799 καὶ
444 2758 649 2804 τοσοῦτοι
678 2760 896 2818 ἐγένοντο,
943 2761 1026 2816 aig-s
1056 2763 1133 2805 τόν
1162 2776 1212 2804 τε
1241 2760 1363 2804 σῖτον
1394 2753 1543 2802 αὐτῶν
