1846 3308
689 294 1030 342 „25-

253 419 307 466 g)
355 417 561 452 servius
607 415 664 452 dc
705 418 887 453 metris
924 431 963 467 Ρ.
991 423 1102 462 agis,
1149 429 1208 467 29.
1254 420 1552 457 Archilochium

162 495 310 521 constat
331 484 504 535 trimetro
522 483 744 526 acatalecto,
770 495 815 520 ut
832 495 887 521 est
904 485 1000 522 hoc:
1030 487 1195 522 Martem
1215 487 1349 536 fatigat
1363 490 1553 540 prodigus¹

160 551 264 587 vitae
280 551 401 590 furor.
1055 593 1061 598 ,

239 624 306 671 ’11)
338 625 584 663 Victorin.
615 627 663 662 L.
683 627 752 663 IV.
781 639 820 675 p.
838 632 941 671 2388.
966 629 1002 664 Ε
1021 639 1098 675 quo
1118 627 1361 676 (dactylico)
1380 629 1552 677 primum

159 691 371 729 iambicum
396 704 564 729 metrum
594 706 665 743 per
694 693 967 730 detractionem
1000 696 1115 731 unius
1145 695 1326 744 temporis
1355 696 1552 738 formavit,

157 759 323 809 'adaeque
341 748 614 802 hexametrum,
638 762 707 811 qui
724 765 890 810 (versus)
909 776 978 813 pet
996 762 1171 811 dipodias
1191 763 1361 798 trimeter
1378 762 1551 800 efficitur.

250 838 324 875 Sed
351 839 582 876 Censorinus
607 841 689 877 sive
716 852 850 877 auctor
878 842 1082 891 fragmenti
1112 840 1159 877 de
1189 842 1338 878 Musica
1362 842 1406 876 in
1434 842 1552 878 huius

159 905 398 943 inventionis
416 907 634 944 societatem
652 909 892 945 Simonidem
911 912 1182 959 Amorgiuum,
1205 910 1397 959 aequalem
1415 911 1551 946 Archi·

158 974 286 1015 lechi,
314 975 481 1012 adsumit
506 977 551 1012 C.
570 979 620 1015 X.
667 979 730 1013 De
757 991 834 1026 quo
854 979 1052 1014 Simonide
1080 979 1195 1014 etiam
1215 977 1348 1013 Suidas
1368 990 1406 1014 et
1432 992 1479 1014 ex
1505 991 1551 1015 eo

157 1042 331 1078 Eudocia
345 1043 453 1082 Viol.
480 1058 520 1094 Ρ.
536 1052 617 1089 385.
646 1049 864 1093 Σιμωνίδης,
891 1050 1048 1096 Κρίνεω,
1078 1048 1294 1096 Ἀμοργῒνος
1315 1066 1365 1075 -
1385 1046 1548 1097 ἔγραψεν

158 1108 312 1158 ἶᾶμβους
330 1116 468 1162 πρῶτος
486 1113 590 1158 αὐτὸς
610 1116 703 1151 κατὰ
722 1113 832 1158 τινάς.

247 1191 289 1236 i)
333 1191 604 1228 Aristotel.
639 1195 743 1242 περὶ
777 1210 985 1239 totns-an.
1020 1194 1064 1229 C.
1087 1195 1155 1231 IV.
1203 1193 1292 1230 Ἀπὸ
1321 1194 1357 1230 ὃὶ
1379 1193 1545 1243 “Ομῆ(ιου

156 1257 365 1306 ἂρξαμένοις
387 1261 457 1305 ἐςὶν
482 1261 501 1306 (
511 1260 676 1295 carmina
696 1261 740 1296 in
756 1262 1076 1313 vituperationem
1102 1260 1268 1296 aliorum
1294 1250 1547 1309 composita),

156 1320 229 1362 οἷον
254 1327 385 1364 ἐκέίνου
413 1329 430 1365 ὅ
460 1331 669 1377 May-ydrae
696 1331 755 1366 καὶ
781 1332 827 1366 τὰ
852 1336 1021 1367 τοιαῦτα·
1064 1331 1097 1366 ἐν
1130 1325 1180 1372 οἷς
1210 1329 1268 1365 καὶ
1296 1331 1338 1366 τὸ
1369 1329 1546 1380 ἁρμόττον

156 1392 319 1440 ἰαμβεῖον
362 1392 453 1441 ἦλθε
494 1399 637 1446 μέτρον.
710 1396 909 1433 Atilius
944 1397 1296 1432 Fortunatian.
1336 1397 1390 1433 in
1431 1400 1550 1434 Arte

154 1473 193 1509 P.
207 1461 312 1510 2692.
362 1465 554 1511 Sequitur,
580 1475 623 1500 ut
648 1465 693 1500 de
714 1464 884 1500 iambico
906 1464 1031 1500 dicere
1050 1464 1262 1504 debeamus,
1293 1464 1401 1500 cuius
1422 1476 1549 1501 aucto·

155 1541 238 1563 rem
262 1529 331 1565 alii
358 1532 657 1573 Archilochum,
701 1532 769 1568 alii
793 1533 1074 1582 Hipponactem
1100 1531 1262 1574 volunt3
1305 1532 1370 1568 sed
1399 1533 1548 1581 primus

154 1596 346 1635 Homerus
362 1599 440 1636 hoc
455 1613 544 1637 usus
564 1611 620 1637 est
634 1601 679 1636 in
696 1601 875 1649 Margite.

245 1675 299 1723 k)
331 1678 593 1728 Hephaest.
624 1682 731 1729 περὶ
761 1682 1023 1728 ποιήματος
1044 1698 1090 1708 «-
1116 1683 1188 1723 οἷος
1207 1680 1275 1724 ἔςιν
1297 1680 1316 1716 ὅ
1336 1680 1547 1728 Μαργεῖτης

157 1760 175 1781 ⁰
192 1743 240 1788 εἷς
253 1741 420 1796 Ομηρον
446 1747 727 1799 ἀναφερόμενος,
758 1750 793 1787 ἐν
817 1752 844 1796 ὥ
872 1749 1118 1797 παρέσπαρται
1149 1749 1224 1792 τοῖς
1250 1745 1366 1784 ἔτεσιν
1396 1748 1549 1794 lucem&

156 1812 216 1848 καὶ
239 1819 352 1867 vafra
378 1831 417 1853 ου
436 1817 512 1852 κατ’
541 1813 614 1853 ἶσον
646 1817 801 1863 σῦςημα.
846 1816 976 1851 Etiam
1000 1815 1194 1854 Victorin.
1220 1816 1266 1850 L.
1288 1816 1359 1851 111.
1382 1828 1422 1863 p.
1443 1823 1548 1859 2572.

156 1881 311 1923 scribit,
353 1884 567 1919 Homerum
612 1885 654 1919 in
689 1885 855 1932 Margite
894 1883 1070 1933 pluribus
1111 1883 1339 1918 hexametris
1381 1882 1548 1918 heroicis

156 1961 286 1985 versus
334 1950 526 1988 trimetros
561 1952 747 1989 iambicos
786 1963 964 2002 tanquam
997 1963 1103 2000 pares
1139 1962 1300 1985 numero
1342 1950 1546 1999 copulasse.

154 2015 248 2051 item
270 2030 310 2065 p.
328 2023 433 2062 2524

173 2139 177 2143 .
244 2093 288 2139 l)
318 2095 573 2135 Victorin.
598 2100 645 2135 L.
665 2101 736 2135 111.
758 2098 791 2135 l.
811 2111 842 2136 c.
854 2124 865 2139 ,
891 2098 961 2134 ubi
981 2095 1259 2134 Archilochum
1282 2093 1343 2132 ait
1355 2093 1547 2129 trimetros

155 2148 364 2204 iambicos,
398 2165 445 2199 ab
462 2166 633 2201 Homero
661 2167 811 2202 duobus
829 2166 1080 2215 pluribusque
1098 2161 1326 2198 hexametris
1344 2161 1547 2203 subiectos,

156 2230 442 2278 quir-ariorum
469 2234 611 2282 pedum
644 2235 761 2271 fuisse
789 2234 973 2269 videntur
996 2235 1067 2278 (L.
1087 2234 1138 2268 11.
1163 2246 1201 2280 Ρ.
1221 2235 1325 2274 2524
1336 2231 1354 2275 )
1380 2229 1548 2278 interpo-

155 2296 271 2334 lando
289 2310 420 2347 postea
438 2302 717 2350 composuisse;
751 2313 795 2338 ut
821 2302 913 2338 adeo
930 2300 1187 2337 Archilochus
1205 2299 1268 2335 vel
1292 2297 1403 2347 pedes
1432 2297 1549 2334 metri

156 2352 225 2402 vel.
241 2353 551 2404 consecutionem
573 2383 755 2406 versuum
775 2368 1085 2417 interpolaverit,
1120 2366 1157 2402 et
1175 2380 1222 2402 ex
1239 2365 1407 2402 iambico
1428 2366 1546 2400 variis

157 2433 316 2482 pedibus
351 2446 543 2473 constante
573 2440 770 2487 puriorem
801 2450 973 2477 versum,
1020 2446 1086 2471 aut
1121 2448 1166 2470 ex
1198 2435 1364 2470 carmine
1395 2433 1546 2470 diverso

158 2512 282 2538 metro
300 2514 494 2540 constante
514 2519 664 2542 carmen
684 2505 894 2541 iambicum
913 2505 1143 2541 continuum
1162 2503 1340 2540 effecerit.

248 2583 314 2626 m)
344 2582 428 2618 Plo
440 2583 542 2619 tius
573 2597 611 2633 p.
630 2585 734 2629 2640.
775 2586 876 2620 Haec
908 2597 1003 2635 pura
1036 2583 1202 2619 iambica
1228 2582 1419 2620 trimetra,
1453 2590 1549 2627 quae

158 2647 407 2685 Archilochia
424 2663 714 2701 nuncupantur,
747 2653 853 2702 quod
873 2651 989 2699 (fort.
1007 2652 1149 2700 genus)
1171 2648 1272 2685 solos
1292 2647 1438 2684 iambos
1457 2644 1550 2680 reci-

158 2715 218 2764 pit
235 2726 274 2751 et
291 2730 396 2754 raros
415 2720 639 2768 spondaeos.
663 2742 706 2749 ·—
730 2722 825 2756 item
842 2734 883 2770 p.
906 2720 1010 2763 2641·
1035 2729 1074 2754 et
1091 2717 1195 2760 2643·

252 2797 307 2841 n)
340 2796 534 2836 Victorin.
557 2800 604 2835 L.
622 2802 694 2835 111.
718 2813 757 2849 p.
778 2807 884 2843 2572.
907 2797 989 2836 vid.
1009 2807 1115 2832 antea
1133 2804 1214 2830 not.
1235 2793 1291 2840 l).
