1846 3308
700 278 765 288 ·-
836 271 915 301 V11
984 280 1051 290 ·—·

170 386 526 454 emendavit,
590 387 690 443 sed
734 389 910 441 etiam
953 406 1078 442 non
1115 408 1301 462 pauca
1341 391 1467 445 loca
1501 395 1563 445 in

171 485 645 541 adnotationibus
685 484 958 558 protulit,
1009 505 1158 558 quae
1195 490 1368 541 ceteri
1400 509 1563 563 prae-

166 587 555 640 termiserunt.
667 582 840 637 Unde
899 582 1313 639 Archilochum
1364 607 1563 643 meum

164 683 351 738 multa
376 684 428 736 ei
453 694 689 755 accepta
706 679 936 748 referre,
967 681 1237 737 lubenter
1258 682 1463 752 fateor,
1499 686 1562 741 id

166 780 328 855 quod
348 778 671 834 honorifica
701 781 822 833 eius
853 781 1102 833 nominis
1131 782 1351 835 mentio
1381 782 1559 856 pluri-

163 881 271 935 mis
305 880 370 934 in
401 877 540 934 locis
591 876 822 931 abunde
871 890 1133 932 testatur.
1190 871 1194 875 ”
1237 879 1455 934 Verum
1499 895 1561 936 et

161 976 349 1032 multa
395 989 679 1051 occupata
726 975 798 1030 ab
841 995 910 1029 eo
952 977 1175 1043 inveni,
1231 997 1380 1050 quae
1421 991 1560 1032 ante

160 1076 278 1128 iam
306 1076 431 1149 ipse
465 1076 617 1129 inter
646 1074 955 1146 legendum
986 1088 1221 1129 enotata
1255 1074 1559 1130 habebam.

159 1173 314 1228 Sunt
346 1174 503 1226 enim
534 1172 677 1226 haec
708 1171 927 1247 publici
956 1174 1123 1240 iuris,
1174 1187 1235 1227 et
1262 1193 1331 1227 ex
1351 1174 1557 1228 iisdem

157 1268 420 1324 fontibus
446 1269 775 1324 haurientes
800 1271 862 1323 in
886 1269 1085 1324 eadem
1109 1290 1279 1345 saepe
1301 1271 1555 1326 incidere

158 1387 389 1422 necesse
424 1381 527 1422 est.
620 1369 814 1443 Quare
856 1352 946 1422 vir
991 1367 1195 1422 clariss.
1242 1389 1365 1423 non
1405 1369 1555 1426 feret

158 1468 361 1539 iniquo
403 1469 626 1535 anim0,
684 1468 758 1534 si,
814 1485 961 1539 quae
993 1465 1159 1519 nobis
1201 1486 1268 1520 ex
1305 1467 1554 1523 lectione

158 1578 468 1620 auctorum
514 1578 680 1619 erant
728 1565 1080 1631 communia,
1132 1577 1202 1618 ut
1236 1567 1376 1620 meis
1412 1586 1552 1621 usus

159 1682 313 1732 sum,
364 1683 554 1737 neque
587 1652 894 1731 iudicabit,
940 1681 1032 1714 me
1069 1660 1274 1716 falcem
1310 1664 1373 1716 in
1406 1682 1551 1718 mes-

159 1779 282 1815 sem
335 1781 498 1816 suam
550 1763 863 1816 immisisse.
960 1761 1228 1815 Inveniet
1274 1763 1430 1815 enim
1489 1775 1552 1817 et

156 1858 342 1913 multa
396 1859 506 1912 alia
560 1859 716 1926 loca,
772 1878 919 1932 quae
974 1860 1097 1932 ipse
1152 1878 1275 1913 non
1331 1861 1549 1932 attigit,

157 1976 349 2029 neque
395 1976 429 2010 a
472 1978 566 2012 me
612 1957 775 2012 facile
819 1969 922 2010 aut
966 1975 1236 2029 graecum
1281 1970 1384 2011 aut
1422 1956 1549 2012 lati-

155 2074 300 2108 num
354 2056 697 2129 scriptorem
748 2055 1219 2128 praetermissum
1272 2073 1419 2123 esse,
1484 2057 1547 2108 in

154 2172 273 2227 quo
318 2171 442 2206 non
485 2166 796 2220 scrutarer,
849 2173 924 2207 an
969 2151 1292 2224 symbolam
1331 2152 1406 2206 ad
1442 2157 1546 2209 Ar·

155 2250 485 2306 chilochum
522 2270 720 2317 meum
758 2249 1017 2305 conferre
1050 2251 1251 2324 possit.

301 2351 407 2403 His
431 2348 763 2422 fragmentis
788 2351 961 2403 etiam
986 2349 1312 2401 versionem
1334 2346 1545 2402 adden·

154 2445 287 2501 dam
322 2449 533 2515 censui,
575 2460 635 2501 et
660 2446 909 2520 quidem,
943 2449 990 2501 si
1020 2446 1366 2500 sententiam
1396 2448 1541 2499 inte-

154 2564 313 2617 gram
359 2542 678 2613 efficerent,
737 2559 796 2599 et
842 2544 915 2599 ad
950 2557 1173 2598 certum
1221 2545 1542 2597 carminum

151 2640 364 2696 librum
382 2641 759 2711 referrentur,
792 2645 1091 2698 metricam
1110 2641 1314 2695 eodem
1333 2660 1542 2713 genere

151 2758 348 2793 versus
371 2741 677 2809 inclusam,
713 2761 889 2814 quam
910 2742 1123 2816 partim
1142 2742 1265 2812 ipse
1299 2736 1538 2806 confeci,
