1846 3308
792 302 1130 344 -,-72--

260 427 313 463 ris
349 419 491 464 Iacob.
518 425 591 464 111.
631 438 691 464 11.
743 395 924 476 szv’xv‘y
969 419 1088 477 πηγὴ
1137 417 1188 463 ἐκ
1236 420 1313 477 τῆς
1361 420 1495 479 αὖτῆς
1549 424 1656 480 ὀπῆς

258 497 386 556 βρύει
415 497 468 541 τὸ
501 495 649 555 γλυκὺ
683 497 757 541 καὶ
791 497 844 542 τὸ
874 498 1029 556 πικρὸν
1058 496 1205 557 (ὕδωρ
1220 500 1250 553 ).

361 605 528 661 Ῑίύβδ’
578 608 634 665 ἔη
650 624 670 650 ν
715 608 1064 670 πωλευμένη.
1117 614 1187 654 Ad
1227 615 1347 654 illam
1385 611 1466 655 τοῦ
1508 610 1653 665 κύβδα

259 691 620 746 significationem
673 707 723 732 ex
772 693 934 746 Toupii
986 692 1294 732 emendatione
1306 721 1320 740 ,
1377 708 1463 748 qua
1498 692 1655 748 σχῆμα

260 758 515 817 ἀφροδίσιον
558 765 814 813 denotatur,
869 765 983 803 forte
1021 764 1354 817 Aristophanes,
1409 766 1543 806 verbo
1581 777 1653 805 κυ·

259 830 416 888 πτάζω
445 846 595 885 utens,
645 850 725 889 pro
753 837 950 886 nequitia
977 847 1054 872 sua
1079 837 1254 886 respicit
1279 836 1495 890 Lysistrat.
1523 850 1561 875 v.
1593 850 1652 888 17.

261 913 364 951 dum
393 914 447 952 de
474 914 704 954 mulierum
730 910 1091 965 occupationibus
1117 912 1335 973 loquitur:
1368 905 1429 950 ”H
1457 907 1536 967 μὲν
1566 908 1653 966 γὰρ

258 983 382 1043 ἡμῶν
413 985 508 1044 περὶ
542 985 620 1030 τὸν
661 984 779 1046 ἄνδρ’
821 982 1149 1030 ἐκύπτασεν.
1186 981 1264 1029 ubi
1298 990 1433 1030 schol.
1461 988 1654 1044 κομψῶς

259 1065 303 1107 δὲ
327 1066 384 1120 τῆ
407 1064 668 1124 ἀμφιβολίᾳ
697 1065 770 1107 καὶ
792 1064 1036 1124 χαριέντως
1065 1068 1188 1117 (mal.
1217 1063 1428 1121 χάριτες)
1457 1065 1652 1122 ’χρᾶταν

258 1145 382 1187 καθὰ
403 1145 475 1187 καὶ
503 1144 712 1202 Σώφρων
730 1159 740 1170 ·
769 1141 956 1190 Ἑνθοὶδε
985 1139 1263 1198 κυπτάζουσι
1295 1139 1472 1194 πλεῖςαι
1504 1145 1652 1199 ’γυναῖ-

257 1231 339 1265 usq.
394 1222 463 1259 Sic
491 1231 533 1260 et
551 1222 693 1259 Latini
719 1219 885 1259 inclino
919 1229 962 1258 et
986 1221 1166 1257 incurvo
1193 1216 1415 1258 obscoena
1441 1220 1653 1273 significa-

256 1297 378 1333 tione
405 1304 608 1339 utuntur;
636 1303 801 1332 veteres
830 1293 1131 1344 ocquiniscere
1160 1289 1381 1338 dicebant,
1408 1301 1457 1330 ut
1479 1293 1649 1346 Magius

257 1367 303 1405 L.
323 1368 374 1406 II.
405 1368 452 1407 C.
470 1375 509 1414 3.
537 1367 703 1405 Variar.
731 1366 991 1404 Lectionum
1020 1362 1222 1414 exemplis
1250 1363 1453 1403 ostendit.

354 1475 399 1515 11
412 1491 443 1516 ω
458 1473 487 1516 λ
500 1491 519 1518 ε
533 1490 557 1516 υ
569 1474 668 1531 μέν
684 1491 706 1531 ²7
719 1505 732 1525 ,
760 1481 818 1517 ita
827 1478 1024 1530 Toupius
1036 1491 1116 1529 pro
1135 1470 1394 1529 πονευμένη,
1409 1476 1479 1516 vel
1493 1470 1651 1516 πολευ-

255 1551 379 1608 μένη,
399 1556 642 1596 utBrunck.
665 1556 882 1595 emendat.
909 1556 996 1595 Sed
1007 1569 1136 1595 nona
1151 1537 1327 1598 ἇτωλέω,
1349 1554 1511 1603 vendo,
1530 1555 1607 1594 sed
1626 1569 1651 1594 a

255 1629 513 1685 πωλέομαι,
550 1648 722 1682 versor,
759 1648 824 1681 eo,
854 1634 1150 1673 derivandum.
1171 1633 1300 1671 Hom.
1330 1631 1483 1686 Odyss.
1509 1628 1558 1681 β.
1586 1634 1650 1678 56.

256 1709 312 1750 Οἱ
343 1707 377 1749 δ’
405 1708 461 1757 εἷς
490 1705 699 1764 ἡμέτερον
730 1703 1007 1764 πωλεύμενοι
1039 1703 1191 1763 ἤματα
1222 1705 1385 1748 πάντα.
1420 1711 1469 1749 11.
1499 1723 1533 1749 ε.
1560 1711 1648 1763 788.

267 1787 405 1844 Οφροι
430 1785 508 1843 μὲν
530 1784 566 1837 ἐς
592 1784 789 1841 πόλεμον
813 1784 1072 1828 πωλέσκετο
1107 1784 1193 1835 δῖος
1217 1781 1474 1840 Ἀχιλλεύς.
1503 1789 1647 1830 Schol.

256 1863 431 1919 ἐφοίτα,
462 1863 740 1922 ἁνεςρέφετο.
779 1869 932 1923 Odyss.
962 1881 989 1906 ι.
1028 1883 1067 1907 v.
1093 1873 1176 1914 188.
1207 1856 1323 1904 Οὐδὲ
1350 1862 1448 1919 μετ’
1478 1858 1651 1915 ἄλλους

254 1941 466 1991 Πωλεῖτ’,
494 1940 600 1984 ἀλλ’
626 1941 875 1987 ἀπάνευθεν
898 1942 975 1985 ἰὼν
1002 1941 1209 1998 ἂθεμίςια
1228 1935 1321 1997 ἤδη.
1366 1946 1648 1986 Manifestum

256 2019 340 2059 hoc
377 2031 440 2060 est
476 2035 525 2060 ex
562 2030 750 2060 vestusta
787 2021 887 2073 lege
921 2020 1063 2059 Attica
1105 2020 1160 2059 de
1198 2018 1494 2059 meretricibus
1530 2020 1648 2071 apud

254 2098 423 2152 Lysiam
477 2100 596 2137 Orat.
640 2098 674 2137 I.
726 2101 773 2137 in
817 2097 1033 2137 Theomn.
1079 2089 1209 2136 1”Οσοι
1258 2091 1304 2134 δὲ
1353 2091 1649 2148 πεφασμένως

253 2186 330 2215 πω
347 2170 409 2214 λο
426 2171 449 2214 ὕ
467 2186 617 2218 wrm,
649 2171 722 2213 καὶ
754 2170 896 2226 οἰκῆος
925 2167 999 2212 καὶ
1019 2168 1202 2225 βλάβης
1228 2170 1308 2225 τὴν
1331 2164 1493 2225 δούλην
1523 2164 1645 2212 εἶναι.

257 2267 369 2305 quae
401 2253 533 2292 verba
563 2254 707 2306 Lysias
735 2255 828 2303 ipse
855 2255 995 2290 statim
1022 2254 1083 2289 sic
1108 2255 1436 2301 interpretatur:
1474 2246 1526 2290 τὸ
1566 2248 1646 2302 μὲν

253 2326 572 2381 πεφασμένως,
621 2325 679 2377 {gi
727 2325 949 2381 φανερῶς·
1007 2323 1259 2366 πωλεῖσθαι
1309 2323 1375 2372 δὲ,
1432 2323 1645 2382 βαδίζειν.

251 2404 348 2456 Ipse
383 2401 665 2442 Archilochus
701 2402 813 2440 infra
849 2401 932 2441 hoc
965 2396 1098 2441 verbo
1136 2404 1271 2440 utitur
1304 2401 1360 2440 de
1393 2402 1491 2441 fure
1535 2405 1646 2442 circa

254 2477 407 2516 urbem
449 2485 581 2515 eunte
618 2485 659 2514 et
694 2475 868 2514 furandi
907 2477 1126 2515 occasioni
1158 2477 1354 2522 intento,
1400 2475 1550 2530 fragm.
1580 2489 1643 2527 72.

254 2555 340 2593 Sed
376 2554 446 2593 hic
480 2567 560 2606 per
595 2564 616 2590 ο
651 2555 879 2604 scriptum,
920 2561 1053 2603 prout
1088 2554 1215 2590 etiam
1254 2550 1371 2602 apud
1405 2552 1644 2592 Homerum

257 2637 299 2665 et
319 2627 425 2667 alios
449 2636 645 2666 auctores
665 2627 874 2672 occurrit,
914 2635 956 2663 et
978 2624 1216 2663 Brunckius
1244 2623 1428 2664 exhibet.
1448 2626 1643 2678 Euripid.

256 2705 395 2744 Orest.
424 2718 463 2743 v.
489 2706 599 2757 1269.
627 2699 689 2751 τίς
729 2695 791 2741 ὅδ’
833 2694 901 2754 ἄρ’
939 2697 1059 2755 ἀμφὶ
1104 2695 1333 2755 μέλαθρον
1377 2697 1510 2742 πολεῖ
1549 2699 1642 2742 Σὸν

255 2777 446 2835 ἀγρότας
483 2777 603 2834 ἀνήρ.
655 2783 710 2822 Et
740 2780 989 2824 scholiastes
1018 2780 1072 2819 ad
1107 2780 1253 2819 Iocum
1289 2780 1468 2820 Homeri
1514 2795 1640 2833 supra
