<?xml version="1.0" encoding="UTF-8"?>
<!DOCTYPE html PUBLIC "-//W3C//DTD XHTML 1.0 Transitional//EN"
    "http://www.w3.org/TR/xhtml1/DTD/xhtml1-transitional.dtd">
<html xmlns="http://www.w3.org/1999/xhtml" xml:lang="en" lang="en">
 <head>
  <title>
</title>
<meta http-equiv="Content-Type" content="text/html;charset=utf-8" />
  <meta name='ocr-system' content='tesseract 3.04.00' />
  <meta name='ocr-capabilities' content='ocr_page ocr_carea ocr_par ocr_line ocrx_word'/>
</head>
<body>
  <div class='ocr_page' id='page_1' title='image "./iambographorumpr00archuoft_0163.png"; bbox 0 0 1846 3308; ppageno 0'>
   <div class='ocr_carea' id='block_1_1' title="bbox 671 269 1042 318">
    <p class='ocr_par' dir='ltr' id='par_1_1' title="bbox 671 269 1042 318">
     <span class='ocr_line' id='line_1_1' title="bbox 671 269 1042 318; baseline -0.003 -22"><span class='ocrx_word' id='word_1_1' title='bbox 671 269 1042 318; x_wconf 70' lang='lat'>...137—</span> 
     </span>
    </p>
   </div>
   <div class='ocr_carea' id='block_1_2' title="bbox 107 391 1555 2813">
    <p class='ocr_par' dir='ltr' id='par_1_2' title="bbox 158 391 1551 739">
     <span class='ocr_line' id='line_1_2' title="bbox 158 391 1550 448; baseline 0 -12"><span class='ocrx_word' id='word_1_2' title='bbox 158 395 316 448; x_wconf 88' lang='lat' dir='ltr'><strong>Neque</strong></span> <span class='ocrx_word' id='word_1_3' title='bbox 344 397 390 434; x_wconf 86' lang='lat' dir='ltr'><strong>in</strong></span> <span class='ocrx_word' id='word_1_4' title='bbox 411 395 538 434; x_wconf 80' lang='lat' dir='ltr'><strong>tantis</strong></span> <span class='ocrx_word' id='word_1_5' title='bbox 557 403 751 434; x_wconf 81' lang='lat' dir='ltr'><strong>veterum</strong></span> <span class='ocrx_word' id='word_1_6' title='bbox 777 406 922 433; x_wconf 82' lang='lat' dir='ltr'><strong>rerum</strong></span> <span class='ocrx_word' id='word_1_7' title='bbox 938 391 1211 445; x_wconf 87' lang='lat' dir='ltr'><strong>publicarum</strong></span> <span class='ocrx_word' id='word_1_8' title='bbox 1233 395 1456 447; x_wconf 83' lang='lat' dir='ltr'><strong>procellis,</strong></span> <span class='ocrx_word' id='word_1_9' title='bbox 1484 399 1550 436; x_wconf 81' lang='lat' dir='ltr'><strong>in·</strong></span> 
     </span>
     <span class='ocr_line' id='line_1_3' title="bbox 160 466 1550 524; baseline 0.001 -17"><span class='ocrx_word' id='word_1_10' title='bbox 160 471 255 521; x_wconf 85' lang='lat' dir='ltr'>quit</span> <span class='ocrx_word' id='word_1_11' title='bbox 273 467 388 508; x_wconf 88' lang='lat' dir='ltr'><strong>doct.</strong></span> <span class='ocrx_word' id='word_1_12' title='bbox 407 466 559 507; x_wconf 78' lang='lat' dir='ltr'><strong>Iacobs</strong></span> <span class='ocrx_word' id='word_1_13' title='bbox 568 495 583 516; x_wconf 92' lang='lat'><em>,</em></span> <span class='ocrx_word' id='word_1_14' title='bbox 612 466 826 506; x_wconf 87' lang='lat' dir='ltr'><strong>eiusmodi</strong></span> <span class='ocrx_word' id='word_1_15' title='bbox 847 469 1090 505; x_wconf 86' lang='lat' dir='ltr'><strong>animorum</strong></span> <span class='ocrx_word' id='word_1_16' title='bbox 1112 471 1415 509; x_wconf 83' lang='lat' dir='ltr'><strong>conversiones</strong></span> <span class='ocrx_word' id='word_1_17' title='bbox 1435 474 1550 524; x_wconf 86' lang='lat' dir='ltr'><strong>quis-</strong></span> 
     </span>
     <span class='ocr_line' id='line_1_4' title="bbox 159 538 1550 594; baseline 0.002 -15"><span class='ocrx_word' id='word_1_18' title='bbox 159 554 291 594; x_wconf 81' lang='lat' dir='ltr'><strong>quam</strong></span> <span class='ocrx_word' id='word_1_19' title='bbox 318 539 555 579; x_wconf 78' lang='lat' dir='ltr'><strong>mirabitur.</strong></span> <span class='ocrx_word' id='word_1_20' title='bbox 622 540 692 579; x_wconf 85' lang='lat' dir='ltr'><strong>Sic</strong></span> <span class='ocrx_word' id='word_1_21' title='bbox 722 549 766 578; x_wconf 87' lang='lat' dir='ltr'><strong>et</strong></span> <span class='ocrx_word' id='word_1_22' title='bbox 796 540 945 579; x_wconf 74' lang='lat' dir='ltr'><strong>antea&#39;</strong></span> <span class='ocrx_word' id='word_1_23' title='bbox 969 538 1144 591; x_wconf 86' lang='lat' dir='ltr'>(fragm.</span> <span class='ocrx_word' id='word_1_24' title='bbox 1170 541 1259 590; x_wconf 75' lang='lat'>47.)</span> <span class='ocrx_word' id='word_1_25' title='bbox 1301 540 1550 582; x_wconf 83' lang='lat' dir='ltr'><strong>Charilaum</strong></span> 
     </span>
     <span class='ocr_line' id='line_1_5' title="bbox 160 611 1551 659; baseline 0.002 -6"><span class='ocrx_word' id='word_1_26' title='bbox 160 616 461 653; x_wconf 77' lang='lat' dir='ltr'><strong>amicissimum</strong></span> <span class='ocrx_word' id='word_1_27' title='bbox 488 611 570 652; x_wconf 88' lang='lat' dir='ltr'><strong>sibi</strong></span> <span class='ocrx_word' id='word_1_28' title='bbox 596 621 744 659; x_wconf 85' lang='lat' dir='ltr'><strong>vocat,</strong></span> <span class='ocrx_word' id='word_1_29' title='bbox 783 614 903 652; x_wconf 80' lang='lat' dir='ltr'><strong>cuius</strong></span> <span class='ocrx_word' id='word_1_30' title='bbox 931 621 1078 652; x_wconf 80' lang='lat' dir='ltr'><strong>tamen</strong></span> <span class='ocrx_word' id='word_1_31' title='bbox 1107 614 1388 653; x_wconf 80' lang='lat' dir='ltr'>voracitatem</span> <span class='ocrx_word' id='word_1_32' title='bbox 1420 614 1551 656; x_wconf 88' lang='lat' dir='ltr'><strong>vehe-</strong></span> 
     </span>
     <span class='ocr_line' id='line_1_6' title="bbox 158 688 690 739; baseline -0.004 -13"><span class='ocrx_word' id='word_1_33' title='bbox 158 696 328 726; x_wconf 84' lang='lat' dir='ltr'><strong>menter</strong></span> <span class='ocrx_word' id='word_1_34' title='bbox 349 696 502 739; x_wconf 80' lang='lat' dir='ltr'><strong>postea</strong></span> <span class='ocrx_word' id='word_1_35' title='bbox 522 688 690 725; x_wconf 85' lang='lat' dir='ltr'>taxavit.</span> 
     </span>
    </p>

    <p class='ocr_par' dir='ltr' id='par_1_3' title="bbox 107 761 1552 1732">
     <span class='ocr_line' id='line_1_7' title="bbox 255 761 1551 821; baseline 0.003 -13"><span class='ocrx_word' id='word_1_36' title='bbox 255 761 397 809; x_wconf 77' lang='grc' dir='ltr'><strong>Οὗδέ</strong></span> <span class='ocrx_word' id='word_1_37' title='bbox 431 780 516 815; x_wconf 77' lang='grc' dir='ltr'><strong>τις</strong></span> <span class='ocrx_word' id='word_1_38' title='bbox 552 763 657 817; x_wconf 77' lang='grc' dir='ltr'><strong>ἆςῶ</strong></span> <span class='ocrx_word' id='word_1_39' title='bbox 672 779 707 806; x_wconf 84' lang='grc' dir='ltr'><strong>ν.</strong></span> <span class='ocrx_word' id='word_1_40' title='bbox 768 767 838 807; x_wconf 91' lang='lat' dir='ltr'><strong>Sic</strong></span> <span class='ocrx_word' id='word_1_41' title='bbox 871 767 1117 816; x_wconf 83' lang='lat' dir='ltr'><strong>Gesnerus,</strong></span> <span class='ocrx_word' id='word_1_42' title='bbox 1154 781 1303 821; x_wconf 86' lang='lat' dir='ltr'><strong>neque</strong></span> <span class='ocrx_word' id='word_1_43' title='bbox 1333 775 1551 813; x_wconf 84' lang='lat' dir='ltr'><strong>sententia</strong></span> 
     </span>
     <span class='ocr_line' id='line_1_8' title="bbox 157 835 1550 900; baseline 0.001 -13"><span class='ocrx_word' id='word_1_44' title='bbox 157 847 376 900; x_wconf 80' lang='lat' dir='ltr'><strong>postulare</strong></span> <span class='ocrx_word' id='word_1_45' title='bbox 395 846 588 895; x_wconf 83' lang='lat' dir='ltr'><strong>videtur,</strong></span> <span class='ocrx_word' id='word_1_46' title='bbox 623 856 672 885; x_wconf 90' lang='lat' dir='ltr'><strong>ut</strong></span> <span class='ocrx_word' id='word_1_47' title='bbox 695 849 742 885; x_wconf 89' lang='lat' dir='ltr'><strong>in</strong></span> <span class='ocrx_word' id='word_1_48' title='bbox 770 835 917 887; x_wconf 74' lang='grc' dir='ltr'>αὐτῶν</span> <span class='ocrx_word' id='word_1_49' title='bbox 944 855 1158 894; x_wconf 85' lang='lat' dir='ltr'><strong>mutetur,</strong></span> <span class='ocrx_word' id='word_1_50' title='bbox 1194 846 1317 898; x_wconf 89' lang='lat' dir='ltr'><strong>quod</strong></span> <span class='ocrx_word' id='word_1_51' title='bbox 1348 862 1371 887; x_wconf 84' lang='lat' dir='ltr'>a</span> <span class='ocrx_word' id='word_1_52' title='bbox 1394 848 1550 890; x_wconf 87' lang='lat' dir='ltr'><strong>Grotio</strong></span> 
     </span>
     <span class='ocr_line' id='line_1_9' title="bbox 157 917 1551 973; baseline 0.001 -14"><span class='ocrx_word' id='word_1_53' title='bbox 157 921 342 968; x_wconf 79' lang='lat' dir='ltr'><strong>factum,</strong></span> <span class='ocrx_word' id='word_1_54' title='bbox 387 933 518 973; x_wconf 87' lang='lat' dir='ltr'><strong>quem</strong></span> <span class='ocrx_word' id='word_1_55' title='bbox 550 919 790 958; x_wconf 89' lang='lat' dir='ltr'><strong>Brunckius</strong></span> <span class='ocrx_word' id='word_1_56' title='bbox 834 923 1040 972; x_wconf 88' lang='lat' dir='ltr'><strong>sequitur.</strong></span> <span class='ocrx_word' id='word_1_57' title='bbox 1110 917 1394 959; x_wconf 83' lang='lat' dir='ltr'>Archilochus</span> <span class='ocrx_word' id='word_1_58' title='bbox 1434 925 1551 961; x_wconf 85' lang='lat' dir='ltr'><strong>enim</strong></span> 
     </span>
     <span class='ocr_line' id='line_1_10' title="bbox 157 990 1547 1047; baseline 0.002 -16"><span class='ocrx_word' id='word_1_59' title='bbox 157 990 383 1047; x_wconf 82' lang='lat' dir='ltr'><strong>significat,</strong></span> <span class='ocrx_word' id='word_1_60' title='bbox 405 1001 490 1031; x_wconf 86' lang='lat' dir='ltr'><strong>tam</strong></span> <span class='ocrx_word' id='word_1_61' title='bbox 509 995 782 1047; x_wconf 83' lang='lat' dir='ltr'><strong>egregiorum</strong></span> <span class='ocrx_word' id='word_1_62' title='bbox 802 994 956 1031; x_wconf 89' lang='lat' dir='ltr'>civium</span> <span class='ocrx_word' id='word_1_63' title='bbox 973 994 1150 1031; x_wconf 81' lang='lat' dir='ltr'><strong>interitu</strong></span> <span class='ocrx_word' id='word_1_64' title='bbox 1165 995 1211 1031; x_wconf 89' lang='lat' dir='ltr'><strong>in</strong></span> <span class='ocrx_word' id='word_1_65' title='bbox 1229 996 1336 1031; x_wconf 88' lang='lat' dir='ltr'><strong>mari</strong></span> <span class='ocrx_word' id='word_1_66' title='bbox 1353 994 1547 1047; x_wconf 84' lang='lat' dir='ltr'><strong>singulos</strong></span> 
     </span>
     <span class='ocr_line' id='line_1_11' title="bbox 160 1064 1552 1117; baseline 0.001 -12"><span class='ocrx_word' id='word_1_67' title='bbox 160 1068 270 1105; x_wconf 88' lang='lat' dir='ltr'><strong>cives</strong></span> <span class='ocrx_word' id='word_1_68' title='bbox 289 1068 348 1105; x_wconf 86' lang='lat' dir='ltr'><strong>ita</strong></span> <span class='ocrx_word' id='word_1_69' title='bbox 368 1064 549 1105; x_wconf 82' lang='lat' dir='ltr'><strong>afflictos</strong></span> <span class='ocrx_word' id='word_1_70' title='bbox 575 1079 690 1114; x_wconf 86' lang='lat' dir='ltr'><strong>esse,</strong></span> <span class='ocrx_word' id='word_1_71' title='bbox 726 1075 775 1103; x_wconf 88' lang='lat' dir='ltr'><strong>ut</strong></span> <span class='ocrx_word' id='word_1_72' title='bbox 794 1078 899 1117; x_wconf 86' lang='lat' dir='ltr'><strong>prae</strong></span> <span class='ocrx_word' id='word_1_73' title='bbox 923 1067 1053 1104; x_wconf 87' lang='lat' dir='ltr'><strong>animi</strong></span> <span class='ocrx_word' id='word_1_74' title='bbox 1078 1065 1232 1104; x_wconf 89' lang='lat' dir='ltr'><strong>dolore</strong></span> <span class='ocrx_word' id='word_1_75' title='bbox 1254 1069 1381 1104; x_wconf 87' lang='lat' dir='ltr'><strong>etiam</strong></span> <span class='ocrx_word' id='word_1_76' title='bbox 1404 1071 1552 1106; x_wconf 87' lang='lat' dir='ltr'><strong>convi-</strong></span> 
     </span>
     <span class='ocr_line' id='line_1_12' title="bbox 156 1139 1549 1196; baseline 0 -13"><span class='ocrx_word' id='word_1_77' title='bbox 156 1146 225 1183; x_wconf 80' lang='lat' dir='ltr'><strong>via</strong></span> <span class='ocrx_word' id='word_1_78' title='bbox 254 1156 348 1183; x_wconf 90' lang='lat' dir='ltr'><strong>non</strong></span> <span class='ocrx_word' id='word_1_79' title='bbox 377 1142 623 1190; x_wconf 89' lang='lat' dir='ltr'><strong>celebrent,</strong></span> <span class='ocrx_word' id='word_1_80' title='bbox 660 1155 744 1181; x_wconf 89' lang='lat' dir='ltr'><strong>nec</strong></span> <span class='ocrx_word' id='word_1_81' title='bbox 762 1146 813 1183; x_wconf 91' lang='lat' dir='ltr'><strong>iis</strong></span> <span class='ocrx_word' id='word_1_82' title='bbox 838 1142 1121 1182; x_wconf 87' lang='lat' dir='ltr'><strong>delectentur.</strong></span> <span class='ocrx_word' id='word_1_83' title='bbox 1177 1142 1264 1181; x_wconf 89' lang='lat' dir='ltr'><strong>Cur</strong></span> <span class='ocrx_word' id='word_1_84' title='bbox 1283 1146 1415 1196; x_wconf 83' lang='lat' dir='ltr'>igitur</span> <span class='ocrx_word' id='word_1_85' title='bbox 1433 1139 1549 1193; x_wconf 81' lang='grc' dir='ltr'><strong>ἂςῶν</strong></span> 
     </span>
     <span class='ocr_line' id='line_1_13' title="bbox 157 1215 1550 1271; baseline 0.002 -17"><span class='ocrx_word' id='word_1_86' title='bbox 157 1215 414 1257; x_wconf 82' lang='lat' dir='ltr'><strong>mutandum</strong></span> <span class='ocrx_word' id='word_1_87' title='bbox 442 1215 522 1254; x_wconf 80' lang='lat' dir='ltr'><strong>sit?</strong></span> <span class='ocrx_word' id='word_1_88' title='bbox 564 1215 711 1254; x_wconf 87' lang='lat' dir='ltr'><strong>Utitur</strong></span> <span class='ocrx_word' id='word_1_89' title='bbox 734 1226 866 1267; x_wconf 87' lang='lat' dir='ltr'><strong>poeta</strong></span> <span class='ocrx_word' id='word_1_90' title='bbox 904 1216 1058 1255; x_wconf 86' lang='lat' dir='ltr'><strong>eadem</strong></span> <span class='ocrx_word' id='word_1_91' title='bbox 1083 1229 1190 1255; x_wconf 89' lang='lat' dir='ltr'><strong>voce</strong></span> <span class='ocrx_word' id='word_1_92' title='bbox 1228 1226 1271 1255; x_wconf 87' lang='lat' dir='ltr'><strong>et</strong></span> <span class='ocrx_word' id='word_1_93' title='bbox 1303 1217 1454 1271; x_wconf 82' lang='lat' dir='ltr'><strong>fragm.</strong></span> <span class='ocrx_word' id='word_1_94' title='bbox 1486 1225 1550 1265; x_wconf 77' lang='lat'><strong>53.</strong></span> 
     </span>
     <span class='ocr_line' id='line_1_14' title="bbox 157 1283 1551 1346; baseline 0.002 -15"><span class='ocrx_word' id='word_1_95' title='bbox 157 1285 295 1339; x_wconf 77' lang='grc' dir='ltr'><strong>Οὸτις</strong></span> <span class='ocrx_word' id='word_1_96' title='bbox 324 1283 480 1342; x_wconf 70' lang='grc' dir='ltr'><em>αἰδοῖος</em></span> <span class='ocrx_word' id='word_1_97' title='bbox 508 1287 605 1345; x_wconf 77' lang='grc' dir='ltr'><strong>μετ’</strong></span> <span class='ocrx_word' id='word_1_98' title='bbox 634 1287 774 1341; x_wconf 79' lang='grc' dir='ltr'><em>ἂςῶν,</em></span> <span class='ocrx_word' id='word_1_99' title='bbox 803 1303 847 1332; x_wconf 87' lang='lat' dir='ltr'><strong>et</strong></span> <span class='ocrx_word' id='word_1_100' title='bbox 875 1298 939 1346; x_wconf 74' lang='lat'><strong>47.</strong></span> <span class='ocrx_word' id='word_1_101' title='bbox 980 1289 1095 1342; x_wconf 82' lang='grc' dir='ltr'><strong>ἂςῶν</strong></span> <span class='ocrx_word' id='word_1_102' title='bbox 1126 1288 1160 1331; x_wconf 82' lang='grc' dir='ltr'><strong>δ’</strong></span> <span class='ocrx_word' id='word_1_103' title='bbox 1190 1290 1230 1332; x_wconf 76' lang='grc' dir='ltr'><strong>οἱ</strong></span> <span class='ocrx_word' id='word_1_104' title='bbox 1259 1288 1338 1345; x_wconf 78' lang='grc' dir='ltr'><strong>μὲν</strong></span> <span class='ocrx_word' id='word_1_105' title='bbox 1369 1291 1551 1334; x_wconf 77' lang='grc' dir='ltr'><strong><em>κατόπι-</em></strong></span> 
     </span>
     <span class='ocr_line' id='line_1_15' title="bbox 158 1360 1551 1424; baseline 0.002 -14"><span class='ocrx_word' id='word_1_106' title='bbox 158 1370 264 1411; x_wconf 74' lang='grc' dir='ltr'><em>σθεν</em></span> <span class='ocrx_word' id='word_1_107' title='bbox 294 1360 418 1423; x_wconf 64' lang='grc' dir='ltr'><strong><em>ἦσαν.</em></strong></span> <span class='ocrx_word' id='word_1_108' title='bbox 479 1372 775 1424; x_wconf 88' lang='lat' dir='ltr'><strong>Opponuntur</strong></span> <span class='ocrx_word' id='word_1_109' title='bbox 804 1371 906 1411; x_wconf 80' lang='lat' dir='ltr'><strong>alias</strong></span> <span class='ocrx_word' id='word_1_110' title='bbox 935 1364 1028 1419; x_wconf 73' lang='grc' dir='ltr'><strong>ἂςοῖ</strong></span> <span class='ocrx_word' id='word_1_111' title='bbox 1057 1371 1226 1410; x_wconf 82' lang='lat' dir='ltr'><strong>alienae</strong></span> <span class='ocrx_word' id='word_1_112' title='bbox 1252 1370 1369 1410; x_wconf 89' lang='lat' dir='ltr'><strong>urbis</strong></span> <span class='ocrx_word' id='word_1_113' title='bbox 1395 1373 1551 1413; x_wconf 87' lang='lat' dir='ltr'><strong>incolis</strong></span> 
     </span>
     <span class='ocr_line' id='line_1_16' title="bbox 107 1436 1552 1504; baseline -0.001 -16"><span class='ocrx_word' id='word_1_114' title='bbox 107 1490 110 1492; x_wconf 65' lang='grc'>,</span> <span class='ocrx_word' id='word_1_115' title='bbox 156 1449 226 1488; x_wconf 86' lang='lat' dir='ltr'><strong>vel</strong></span> <span class='ocrx_word' id='word_1_116' title='bbox 253 1438 403 1498; x_wconf 79' lang='grc' dir='ltr'><strong><em>ξένοις.</em></strong></span> <span class='ocrx_word' id='word_1_117' title='bbox 456 1450 563 1490; x_wconf 88' lang='lat' dir='ltr'>Plat.</span> <span class='ocrx_word' id='word_1_118' title='bbox 596 1453 729 1504; x_wconf 83' lang='lat' dir='ltr'><strong>epigr.</strong></span> <span class='ocrx_word' id='word_1_119' title='bbox 749 1463 811 1502; x_wconf 82' lang='lat'><strong>27.</strong></span> <span class='ocrx_word' id='word_1_120' title='bbox 839 1449 966 1489; x_wconf 86' lang='lat' dir='ltr'><strong>Anal.</strong></span> <span class='ocrx_word' id='word_1_121' title='bbox 1001 1449 1052 1488; x_wconf 91' lang='lat' dir='ltr'><strong>T.</strong></span> <span class='ocrx_word' id='word_1_122' title='bbox 1074 1449 1106 1488; x_wconf 91' lang='lat'><strong>1.</strong></span> <span class='ocrx_word' id='word_1_123' title='bbox 1126 1441 1334 1502; x_wconf 73' lang='grc' dir='ltr'><strong>’Δρμενος</strong></span> <span class='ocrx_word' id='word_1_124' title='bbox 1377 1436 1430 1502; x_wconf 68' lang='grc' dir='ltr'><strong>ἦν</strong></span> <span class='ocrx_word' id='word_1_125' title='bbox 1469 1439 1552 1495; x_wconf 78' lang='grc' dir='ltr'><strong>ξεί-</strong></span> 
     </span>
     <span class='ocr_line' id='line_1_17' title="bbox 157 1521 1551 1581; baseline 0.001 -16"><span class='ocrx_word' id='word_1_126' title='bbox 157 1537 291 1566; x_wconf 84' lang='grc' dir='ltr'><strong><em>νοισιν</em></strong></span> <span class='ocrx_word' id='word_1_127' title='bbox 310 1523 416 1581; x_wconf 76' lang='grc' dir='ltr'><strong>ἁνὴρ</strong></span> <span class='ocrx_word' id='word_1_128' title='bbox 446 1521 519 1568; x_wconf 77' lang='grc' dir='ltr'><strong>ὅδε</strong></span> <span class='ocrx_word' id='word_1_129' title='bbox 550 1522 624 1567; x_wconf 77' lang='grc' dir='ltr'><strong>καὶ</strong></span> <span class='ocrx_word' id='word_1_130' title='bbox 647 1522 782 1578; x_wconf 81' lang='grc' dir='ltr'><strong>φίλος</strong></span> <span class='ocrx_word' id='word_1_131' title='bbox 810 1522 938 1575; x_wconf 77' lang='grc' dir='ltr'><strong><em>ἄςοῖς.</em></strong></span> <span class='ocrx_word' id='word_1_132' title='bbox 963 1536 1005 1566; x_wconf 88' lang='lat' dir='ltr'><strong>et</strong></span> <span class='ocrx_word' id='word_1_133' title='bbox 1025 1526 1187 1565; x_wconf 89' lang='lat' dir='ltr'><strong>Erinna</strong></span> <span class='ocrx_word' id='word_1_134' title='bbox 1213 1525 1319 1565; x_wconf 84' lang='lat' dir='ltr'>ibid.</span> <span class='ocrx_word' id='word_1_135' title='bbox 1341 1529 1475 1581; x_wconf 82' lang='lat' dir='ltr'><strong>epigr.</strong></span> <span class='ocrx_word' id='word_1_136' title='bbox 1499 1527 1551 1566; x_wconf 92' lang='lat' dir='ltr'><strong>II.</strong></span> 
     </span>
     <span class='ocr_line' id='line_1_18' title="bbox 156 1597 1552 1657; baseline 0.001 -14"><span class='ocrx_word' id='word_1_137' title='bbox 156 1597 253 1644; x_wconf 65' lang='lat' dir='ltr'><strong>Ara-²</strong></span> <span class='ocrx_word' id='word_1_138' title='bbox 276 1600 370 1654; x_wconf 80' lang='grc' dir='ltr'><strong><em>ἂςοὶ</em></strong></span> <span class='ocrx_word' id='word_1_139' title='bbox 394 1601 623 1647; x_wconf 71' lang='grc' dir='ltr'>τελέθοντ’</span> <span class='ocrx_word' id='word_1_140' title='bbox 653 1598 744 1645; x_wconf 72' lang='grc' dir='ltr'><strong>αἴθ’</strong></span> <span class='ocrx_word' id='word_1_141' title='bbox 767 1597 1081 1657; x_wconf 75' lang='grc' dir='ltr'><strong>ἑτεροπτόλιες.</strong></span> <span class='ocrx_word' id='word_1_142' title='bbox 1126 1604 1241 1643; x_wconf 87' lang='lat' dir='ltr'><strong>Hinc</strong></span> <span class='ocrx_word' id='word_1_143' title='bbox 1260 1603 1419 1657; x_wconf 81' lang='lat' dir='ltr'><strong>singuli</strong></span> <span class='ocrx_word' id='word_1_144' title='bbox 1441 1607 1552 1644; x_wconf 83' lang='lat' dir='ltr'><strong>cives</strong></span> 
     </span>
     <span class='ocr_line' id='line_1_19' title="bbox 159 1681 431 1732; baseline 0.011 -16"><span class='ocrx_word' id='word_1_145' title='bbox 159 1681 239 1717; x_wconf 82' lang='lat' dir='ltr'><strong>toti</strong></span> <span class='ocrx_word' id='word_1_146' title='bbox 260 1682 431 1732; x_wconf 60' lang='lat' dir='ltr'>civitati.</span> 
     </span>
    </p>

    <p class='ocr_par' dir='ltr' id='par_1_4' title="bbox 157 1747 1554 2563">
     <span class='ocr_line' id='line_1_20' title="bbox 259 1747 1553 1816; baseline -0.003 -16"><span class='ocrx_word' id='word_1_147' title='bbox 259 1760 313 1801; x_wconf 87' lang='lat' dir='ltr'><strong>V.</strong></span> <span class='ocrx_word' id='word_1_148' title='bbox 335 1776 372 1802; x_wconf 86' lang='lat'><strong>2.</strong></span> <span class='ocrx_word' id='word_1_149' title='bbox 408 1759 782 1816; x_wconf 81' lang='grc' dir='ltr'><strong><em>Μεμνόμενος</em></strong></span> <span class='ocrx_word' id='word_1_150' title='bbox 828 1754 1039 1811; x_wconf 64' lang='grc' dir='ltr'><strong>,θαλίης</strong></span> <span class='ocrx_word' id='word_1_151' title='bbox 1086 1753 1372 1811; x_wconf 76' lang='grc' dir='ltr'><strong>τέρψεται</strong></span> <span class='ocrx_word' id='word_1_152' title='bbox 1423 1747 1553 1797; x_wconf 69' lang='grc' dir='ltr'><strong>οὐδὲ</strong></span> 
     </span>
     <span class='ocr_line' id='line_1_21' title="bbox 158 1833 1554 1894; baseline -0.001 -18"><span class='ocrx_word' id='word_1_153' title='bbox 158 1833 369 1887; x_wconf 79' lang='grc' dir='ltr'><strong><em>πότοις.</em></strong></span> <span class='ocrx_word' id='word_1_154' title='bbox 421 1843 491 1881; x_wconf 90' lang='lat' dir='ltr'><strong>Sic</strong></span> <span class='ocrx_word' id='word_1_155' title='bbox 514 1855 538 1880; x_wconf 85' lang='lat' dir='ltr'>a</span> <span class='ocrx_word' id='word_1_156' title='bbox 555 1841 772 1894; x_wconf 86' lang='lat' dir='ltr'><strong>Scaligero</strong></span> <span class='ocrx_word' id='word_1_157' title='bbox 794 1839 1072 1880; x_wconf 79' lang='lat' dir='ltr'><strong>emendatum</strong></span> <span class='ocrx_word' id='word_1_158' title='bbox 1091 1847 1134 1878; x_wconf 88' lang='lat' dir='ltr'><strong>et</strong></span> <span class='ocrx_word' id='word_1_159' title='bbox 1149 1846 1374 1889; x_wconf 87' lang='lat' dir='ltr'><strong>receptum</strong></span> <span class='ocrx_word' id='word_1_160' title='bbox 1393 1850 1418 1876; x_wconf 85' lang='lat' dir='ltr'>a</span> <span class='ocrx_word' id='word_1_161' title='bbox 1438 1846 1554 1876; x_wconf 88' lang='lat' dir='ltr'><strong>cete-</strong></span> 
     </span>
     <span class='ocr_line' id='line_1_22' title="bbox 157 1909 1553 1971; baseline -0.003 -16"><span class='ocrx_word' id='word_1_162' title='bbox 157 1918 227 1955; x_wconf 84' lang='lat' dir='ltr'><strong>ris.</strong></span> <span class='ocrx_word' id='word_1_163' title='bbox 298 1917 350 1957; x_wconf 87' lang='lat' dir='ltr'><strong>In</strong></span> <span class='ocrx_word' id='word_1_164' title='bbox 385 1918 583 1959; x_wconf 86' lang='lat' dir='ltr'><strong>Gesnero</strong></span> <span class='ocrx_word' id='word_1_165' title='bbox 626 1921 741 1958; x_wconf 88' lang='lat' dir='ltr'><strong>enim</strong></span> <span class='ocrx_word' id='word_1_166' title='bbox 775 1913 1061 1971; x_wconf 80' lang='grc' dir='ltr'><em>μεμφόμενος</em></span> <span class='ocrx_word' id='word_1_167' title='bbox 1107 1909 1269 1966; x_wconf 69' lang='grc' dir='ltr'>θαλίῃς</span> <span class='ocrx_word' id='word_1_168' title='bbox 1318 1909 1553 1968; x_wconf 72' lang='grc' dir='ltr'><strong>τέρψεται.</strong></span> 
     </span>
     <span class='ocr_line' id='line_1_23' title="bbox 159 1981 1554 2041; baseline -0.001 -9"><span class='ocrx_word' id='word_1_169' title='bbox 159 1981 260 2032; x_wconf 72' lang='grc' dir='ltr'><strong>οὐδὲ</strong></span> <span class='ocrx_word' id='word_1_170' title='bbox 288 1988 430 2041; x_wconf 80' lang='grc' dir='ltr'><strong><em>πόλις.</em></strong></span> <span class='ocrx_word' id='word_1_171' title='bbox 489 1996 653 2035; x_wconf 88' lang='lat' dir='ltr'><strong>Verum</strong></span> <span class='ocrx_word' id='word_1_172' title='bbox 681 1996 754 2035; x_wconf 88' lang='lat' dir='ltr'>illa</span> <span class='ocrx_word' id='word_1_173' title='bbox 783 1995 1030 2035; x_wconf 79' lang='lat' dir='ltr'><strong>emendatio</strong></span> <span class='ocrx_word' id='word_1_174' title='bbox 1049 1996 1292 2033; x_wconf 81' lang='lat' dir='ltr'><strong>necessaria</strong></span> <span class='ocrx_word' id='word_1_175' title='bbox 1312 2004 1405 2031; x_wconf 86' lang='lat' dir='ltr'><strong>non</strong></span> <span class='ocrx_word' id='word_1_176' title='bbox 1432 1991 1554 2030; x_wconf 88' lang='lat' dir='ltr'><strong>vide-</strong></span> 
     </span>
     <span class='ocr_line' id='line_1_24' title="bbox 159 2065 1552 2121; baseline -0.001 -16"><span class='ocrx_word' id='word_1_177' title='bbox 159 2075 250 2115; x_wconf 78' lang='lat' dir='ltr'><strong>tur,</strong></span> <span class='ocrx_word' id='word_1_178' title='bbox 290 2081 386 2106; x_wconf 91' lang='lat' dir='ltr'><strong>cum</strong></span> <span class='ocrx_word' id='word_1_179' title='bbox 413 2068 565 2118; x_wconf 86' lang='lat' dir='ltr'><strong>lectio,</strong></span> <span class='ocrx_word' id='word_1_180' title='bbox 604 2083 746 2121; x_wconf 65' lang='lat' dir='ltr'><strong>quam&gt;</strong></span> <span class='ocrx_word' id='word_1_181' title='bbox 765 2068 948 2107; x_wconf 86' lang='lat' dir='ltr'><strong>Gesneri</strong></span> <span class='ocrx_word' id='word_1_182' title='bbox 978 2066 1112 2106; x_wconf 84' lang='lat' dir='ltr'><strong>editio</strong></span> <span class='ocrx_word' id='word_1_183' title='bbox 1144 2065 1342 2113; x_wconf 83' lang='lat' dir='ltr'><strong>exhibet,</strong></span> <span class='ocrx_word' id='word_1_184' title='bbox 1379 2075 1552 2105; x_wconf 83' lang='lat' dir='ltr'><strong>senten-</strong></span> 
     </span>
     <span class='ocr_line' id='line_1_25' title="bbox 159 2129 1552 2193; baseline -0.001 -11"><span class='ocrx_word' id='word_1_185' title='bbox 159 2146 264 2183; x_wconf 82' lang='lat' dir='ltr'><strong>tiam</strong></span> <span class='ocrx_word' id='word_1_186' title='bbox 287 2146 561 2186; x_wconf 88' lang='lat' dir='ltr'><strong>commodam</strong></span> <span class='ocrx_word' id='word_1_187' title='bbox 582 2145 739 2185; x_wconf 82' lang='lat' dir='ltr'><strong>efficiat</strong></span> <span class='ocrx_word' id='word_1_188' title='bbox 750 2173 764 2192; x_wconf 91' lang='lat'><em>,</em></span> <span class='ocrx_word' id='word_1_189' title='bbox 792 2144 926 2184; x_wconf 90' lang='lat' dir='ltr'><strong>modo</strong></span> <span class='ocrx_word' id='word_1_190' title='bbox 946 2147 1007 2183; x_wconf 88' lang='lat' dir='ltr'><strong>ita</strong></span> <span class='ocrx_word' id='word_1_191' title='bbox 1028 2153 1272 2182; x_wconf 88' lang='lat' dir='ltr'><strong>construas:</strong></span> <span class='ocrx_word' id='word_1_192' title='bbox 1311 2129 1458 2193; x_wconf 73' lang='grc' dir='ltr'><em>Κήδεα</em></span> <span class='ocrx_word' id='word_1_193' title='bbox 1486 2152 1552 2190; x_wconf 86' lang='grc' dir='ltr'><strong>ςο·</strong></span> 
     </span>
     <span class='ocr_line' id='line_1_26' title="bbox 158 2210 1552 2277; baseline -0.002 -17"><span class='ocrx_word' id='word_1_194' title='bbox 158 2216 313 2261; x_wconf 80' lang='grc' dir='ltr'><strong><em>νόεντα</em></strong></span> <span class='ocrx_word' id='word_1_195' title='bbox 351 2220 634 2277; x_wconf 78' lang='grc' dir='ltr'><em>μεμφόμενος</em></span> <span class='ocrx_word' id='word_1_196' title='bbox 674 2213 774 2262; x_wconf 73' lang='grc' dir='ltr'><strong>οὐδὲ</strong></span> <span class='ocrx_word' id='word_1_197' title='bbox 811 2234 876 2269; x_wconf 80' lang='grc' dir='ltr'><strong>τις</strong></span> <span class='ocrx_word' id='word_1_198' title='bbox 912 2216 1050 2270; x_wconf 80' lang='grc' dir='ltr'><em>ἂςῶν,</em></span> <span class='ocrx_word' id='word_1_199' title='bbox 1099 2210 1198 2259; x_wconf 76' lang='grc' dir='ltr'><em>οὐδὲ</em></span> <span class='ocrx_word' id='word_1_200' title='bbox 1233 2215 1363 2267; x_wconf 82' lang='grc' dir='ltr'><strong><em>πόλις</em></strong></span> <span class='ocrx_word' id='word_1_201' title='bbox 1390 2216 1552 2271; x_wconf 67' lang='grc' dir='ltr'><strong><em>θαλίης</em></strong></span> 
     </span>
     <span class='ocr_line' id='line_1_27' title="bbox 158 2296 1552 2356; baseline -0.004 -16"><span class='ocrx_word' id='word_1_202' title='bbox 158 2296 390 2354; x_wconf 74' lang='grc' dir='ltr'><strong>τέρψεται.</strong></span> <span class='ocrx_word' id='word_1_203' title='bbox 420 2302 475 2342; x_wconf 89' lang='lat' dir='ltr'><strong>de</strong></span> <span class='ocrx_word' id='word_1_204' title='bbox 505 2301 702 2356; x_wconf 82' lang='lat' dir='ltr'><strong>gravibus</strong></span> <span class='ocrx_word' id='word_1_205' title='bbox 734 2302 971 2348; x_wconf 83' lang='lat' dir='ltr'><strong>aerumnis,</strong></span> <span class='ocrx_word' id='word_1_206' title='bbox 1007 2299 1171 2339; x_wconf 88' lang='lat' dir='ltr'><strong>scilicet</strong></span> <span class='ocrx_word' id='word_1_207' title='bbox 1198 2299 1252 2338; x_wconf 88' lang='lat' dir='ltr'><strong>de</strong></span> <span class='ocrx_word' id='word_1_208' title='bbox 1280 2300 1457 2336; x_wconf 89' lang='lat' dir='ltr'><strong>interitu</strong></span> <span class='ocrx_word' id='word_1_209' title='bbox 1486 2307 1552 2336; x_wconf 87' lang='lat' dir='ltr'><strong>tot</strong></span> 
     </span>
     <span class='ocr_line' id='line_1_28' title="bbox 163 2374 1552 2429; baseline -0.003 -16"><span class='ocrx_word' id='word_1_210' title='bbox 163 2378 434 2429; x_wconf 86' lang='lat' dir='ltr'><strong>egregiorum</strong></span> <span class='ocrx_word' id='word_1_211' title='bbox 464 2378 654 2415; x_wconf 88' lang='lat' dir='ltr'><strong>virorum</strong></span> <span class='ocrx_word' id='word_1_212' title='bbox 679 2376 726 2413; x_wconf 91' lang='lat' dir='ltr'><strong>in</strong></span> <span class='ocrx_word' id='word_1_213' title='bbox 744 2377 853 2413; x_wconf 83' lang='lat' dir='ltr'><strong>mari</strong></span> <span class='ocrx_word' id='word_1_214' title='bbox 884 2385 1183 2425; x_wconf 84' lang='lat' dir='ltr'><strong>conquerens,</strong></span> <span class='ocrx_word' id='word_1_215' title='bbox 1211 2384 1295 2411; x_wconf 89' lang='lat' dir='ltr'><strong>nec</strong></span> <span class='ocrx_word' id='word_1_216' title='bbox 1321 2374 1552 2424; x_wconf 82' lang='lat' dir='ltr'><strong>quisquam</strong></span> 
     </span>
     <span class='ocr_line' id='line_1_29' title="bbox 163 2444 1551 2502; baseline -0.002 -16"><span class='ocrx_word' id='word_1_217' title='bbox 163 2451 317 2487; x_wconf 87' lang='lat' dir='ltr'>civium</span> <span class='ocrx_word' id='word_1_218' title='bbox 334 2451 508 2502; x_wconf 85' lang='lat' dir='ltr'><strong>privatis</strong></span> <span class='ocrx_word' id='word_1_219' title='bbox 528 2447 691 2501; x_wconf 74' lang='lat' dir='ltr'><strong>epulis,</strong></span> <span class='ocrx_word' id='word_1_220' title='bbox 728 2459 813 2486; x_wconf 90' lang='lat' dir='ltr'><strong>nec</strong></span> <span class='ocrx_word' id='word_1_221' title='bbox 834 2449 979 2487; x_wconf 85' lang='lat' dir='ltr'><strong>civitas</strong></span> <span class='ocrx_word' id='word_1_222' title='bbox 1002 2446 1203 2485; x_wconf 81' lang='lat' dir='ltr'><strong>universa</strong></span> <span class='ocrx_word' id='word_1_223' title='bbox 1221 2444 1339 2485; x_wconf 80' lang='lat' dir='ltr'><strong>festis</strong></span> <span class='ocrx_word' id='word_1_224' title='bbox 1364 2445 1551 2498; x_wconf 84' lang='lat' dir='ltr'>publicis</span> 
     </span>
     <span class='ocr_line' id='line_1_30' title="bbox 164 2519 517 2563; baseline 0.008 -5"><span class='ocrx_word' id='word_1_225' title='bbox 164 2519 371 2563; x_wconf 82' lang='lat' dir='ltr'><strong>delectari</strong></span> <span class='ocrx_word' id='word_1_226' title='bbox 393 2522 517 2561; x_wconf 84' lang='lat' dir='ltr'><strong>solet.</strong></span> 
     </span>
    </p>

    <p class='ocr_par' dir='ltr' id='par_1_5' title="bbox 163 2598 1555 2813">
     <span class='ocr_line' id='line_1_31' title="bbox 257 2598 1554 2657; baseline -0.004 -13"><span class='ocrx_word' id='word_1_227' title='bbox 257 2598 428 2655; x_wconf 78' lang='grc' dir='ltr'><strong>Μεμφ</strong></span> <span class='ocrx_word' id='word_1_228' title='bbox 443 2599 466 2643; x_wconf 87' lang='grc' dir='ltr'>ό</span> <span class='ocrx_word' id='word_1_229' title='bbox 475 2615 637 2657; x_wconf 82' lang='grc' dir='ltr'>μενος</span> <span class='ocrx_word' id='word_1_230' title='bbox 671 2603 757 2644; x_wconf 92' lang='lat' dir='ltr'><strong>hoc</strong></span> <span class='ocrx_word' id='word_1_231' title='bbox 785 2616 915 2644; x_wconf 85' lang='lat' dir='ltr'><strong>sensu</strong></span> <span class='ocrx_word' id='word_1_232' title='bbox 946 2615 1043 2642; x_wconf 85' lang='lat' dir='ltr'><strong>cum</strong></span> <span class='ocrx_word' id='word_1_233' title='bbox 1078 2603 1320 2651; x_wconf 73' lang='lat' dir='ltr'><strong>accusativo</strong></span> <span class='ocrx_word' id='word_1_234' title='bbox 1361 2598 1554 2639; x_wconf 83' lang='lat' dir='ltr'><strong>construi</strong></span> 
     </span>
     <span class='ocr_line' id='line_1_32' title="bbox 163 2670 1555 2734; baseline 0.002 -16"><span class='ocrx_word' id='word_1_235' title='bbox 163 2689 360 2720; x_wconf 75' lang='lat' dir='ltr'><strong>auctores</strong></span> <span class='ocrx_word' id='word_1_236' title='bbox 399 2690 620 2722; x_wconf 83' lang='lat' dir='ltr'><strong>testantur.</strong></span> <span class='ocrx_word' id='word_1_237' title='bbox 656 2680 853 2734; x_wconf 83' lang='lat' dir='ltr'><strong>Aeschyl.</strong></span> <span class='ocrx_word' id='word_1_238' title='bbox 888 2677 1106 2721; x_wconf 87' lang='lat' dir='ltr'><strong>Prometh.</strong></span> <span class='ocrx_word' id='word_1_239' title='bbox 1139 2684 1246 2724; x_wconf 84' lang='lat'>1080-</span> <span class='ocrx_word' id='word_1_240' title='bbox 1287 2671 1412 2727; x_wconf 72' lang='grc' dir='ltr'><em>Μηδὲ</em></span> <span class='ocrx_word' id='word_1_241' title='bbox 1449 2670 1555 2728; x_wconf 70' lang='grc' dir='ltr'><strong>πρὸς</strong></span> 
     </span>
     <span class='ocr_line' id='line_1_33' title="bbox 163 2748 1555 2813; baseline -0.004 -15"><span class='ocrx_word' id='word_1_242' title='bbox 163 2748 273 2812; x_wconf 69' lang='grc' dir='ltr'><strong>ἄτης</strong></span> <span class='ocrx_word' id='word_1_243' title='bbox 325 2754 590 2813; x_wconf 66' lang='grc' dir='ltr'><strong>θηραθεῖσαι</strong></span> <span class='ocrx_word' id='word_1_244' title='bbox 642 2754 891 2812; x_wconf 74' lang='grc' dir='ltr'><strong>μέμψησθε</strong></span> <span class='ocrx_word' id='word_1_245' title='bbox 948 2751 1113 2810; x_wconf 79' lang='grc' dir='ltr'><strong><em>τύχην.</em></strong></span> <span class='ocrx_word' id='word_1_246' title='bbox 1182 2752 1372 2806; x_wconf 80' lang='lat' dir='ltr'>Philipp.</span> <span class='ocrx_word' id='word_1_247' title='bbox 1418 2750 1555 2793; x_wconf 83' lang='lat' dir='ltr'><strong>Thes·</strong></span> 
     </span>
    </p>
   </div>
  </div>
 </body>
</html>
