1846 3308
792 287 1132 338 ...36-

355 411 406 459 d)
435 411 481 448 T.
498 411 549 450 X.
576 424 614 461 p.
633 411 714 449 660.
737 411 782 448 de
807 412 948 450 Music.
965 413 1046 450 vid.
1074 415 1109 459 ὖ.
1129 416 1199 451 ΠΙ.
1221 417 1272 461 e).

357 481 402 526 e)
431 480 563 515 Suidas
584 492 623 516 v.
641 479 842 530 Προσόδια.

353 546 391 594 f)
411 549 455 584 L.
468 550 498 583 1.
518 547 561 584 C.
574 549 603 584 1.
621 554 715 592 s.53.
737 548 808 584 Sed
827 548 940 585 etiam
958 548 1001 583 in
1014 549 1264 585 Mercurium.
1276 550 1658 604 Aristophan.E1'q·3,v.

353 617 402 664 g)
438 616 552 651 Hunc
576 615 706 652 locum
735 616 1005 666 interpretatur
1037 618 1216 655 Martian.
1249 618 1398 667 Capella
1428 632 1466 668 p.
1485 626 1554 663 224
1582 622 1657 657 sic:

262 683 381 719 Fiunt
401 693 526 719 autem
547 685 718 725 numeri,
749 685 818 733 qui
841 695 878 720 et
904 684 1124 734 prosodiaci
1155 686 1208 732 (f.
1232 686 1464 733 dicuntur),
1490 700 1658 736 quorum

263 750 331 786 alii
350 763 418 799 per
437 761 563 787 ternos
579 751 690 801 pedes
707 749 824 794 fiunt,
858 752 1086 801 pyrrhichio
1098 779 1108 794 ,
1145 754 1275 790 iambo
1296 765 1334 790 et
1353 754 1553 798 trochae03
1589 757 1658 792 alii

261 831 355 854 vero
386 829 568 868 quatuor,
602 828 646 854 ut
679 816 741 854 his
777 820 900 856 tribus
933 820 1094 870 pedibus
1120 821 1269 858 iambus
1299 823 1448 871 primus
1484 835 1655 873 aptetur:

262 886 331 922 alii
350 899 443 924 vero
462 899 508 922 ex
527 886 671 923 duabus
691 887 882 936 syzygiis,
914 887 958 922 id
984 898 1063 930 est,
1097 889 1269 939 copulis,
1295 890 1464 928 Bacchio
1488 902 1524 928 et
1540 893 1655 930 Ionio

259 955 329 991 ἀπὸ
346 954 504 1001 μείζονος
525 965 696 991 constare
717 966 1010 993 consueverunt.

857 1156 900 1222 ξ.
946 1161 1049 1207 xv.

361 1247 406 1300 6)
447 1246 504 1287 'H
555 1243 652 1288 τοῦ
707 1244 983 1304 ἰαμβείου
1035 1244 1174 1303 πρὸς
1228 1244 1325 1289 τὸν
1368 1244 1653 1299 ἐπίβατον

258 1323 477 1368 παίωνα
517 1321 758 1377 ἕνςασις,
795 1323 888 1367 καὶ
919 1322 943 1380 ἦ
975 1322 1072 1367 τοῦ
1109 1316 1434 1380 ηὐξημένου
1473 1323 1654 1382 ἧρὼου

259 1399 337 1453 εἴς
375 1417 434 1445 τε
473 1401 568 1445 τὸν
607 1400 999 1458 προσοδιακὸν
1038 1399 1266 1444 καὶτὸν
1310 1403 1653 1460 aqna-anema)

256 1479 535 1529 Plutarchus,
572 1489 620 1519 ut
640 1481 820 1520 Buretto
852 1480 1024 1519 videtur
1034 1478 1123 1531 ,b)
1161 1478 1354 1532 loquitur
1384 1477 1454 1518 hic
1484 1479 1539 1519 de
1569 1490 1655 1520 tra-

258 1554 466 1594 ductione
486 1551 671 1608 rhythmi
695 1564 768 1593 aut
789 1557 916 1593 metri
943 1557 990 1593 in
1015 1552 1135 1593 aliud
1155 1565 1319 1605 genus,
1355 1563 1405 1592 ut
1424 1555 1471 1592 in
1499 1554 1653 1605 epodis

255 1631 301 1671 fit
314 1659 329 1682 ‚
367 1642 410 1671 et
428 1635 564 1671 utitur
586 1631 788 1684 exemplis
812 1634 902 1671 eius
932 1633 1023 1678 rei,
1063 1644 1193 1683 quam
1216 1640 1344 1669 antea
1371 1625 1450 1680 τὴν
1481 1623 1651 1679 ἕνςασιν

255 1705 311 1757 εἷς
339 1699 432 1761 οὐχ
457 1704 677 1762 ὁμογενεῖς
706 1703 900 1764 ῥυθμοὺς
924 1709 1042 1758 dixit,
1065 1709 1168 1748 dum
1190 1708 1243 1748 ab
1265 1707 1452 1747 iambico
1473 1708 1529 1747 ad
1547 1723 1653 1761 pae-

256 1785 456 1831 onicum,
507 1782 560 1821 ab
590 1781 727 1821 heroo
758 1792 885 1822 aucto
922 1782 1030 1833 (vid.
1060 1784 1097 1833 §.
1118 1782 1175 1822 X.
1207 1791 1300 1823 not.
1330 1780 1382 1831 h)
1415 1781 1471 1819 ad
1498 1795 1652 1833 proso-

255 1854 428 1894 diacum
458 1864 501 1895 et
537 1857 742 1893 creticum
779 1858 993 1894 transitur.
1075 1855 1253 1895 Paeona
1282 1852 1493 1907 epibaton
1521 1855 1649 1895 Arist.

255 1927 465 1979 Quinctil.
482 1928 530 1966 L.
552 1927 572 1966 I
597 1941 640 1979 p.
661 1934 712 1974 53
733 1928 929 1980 explicat.

354 2002 399 2057 7)
431 1997 550 2044 Ἔτι
592 1999 645 2043 δὲ
683 2001 793 2043 τῶν
834 2000 1113 2059 ἰαμβείων
1152 1998 1214 2043 τὸ
1253 1998 1321 2042 τὰ
1357 2000 1456 2057 μὲν
1496 1999 1649 2058 λέγε·

254 2082 387 2122 σθαι
459 2078 611 2135 παρὰ
661 2078 759 2136 τὴν
819 2078 1079 2135 κροῦσιν,
1146 2076 1215 2121 τὰ
1283 2076 1334 2120 δὲ
1391 2074 1646 2133 ᾄδεσθαι.

253 2156 537 2196 Archssochus
567 2158 716 2210 itaque
748 2160 933 2196 instituit
961 2161 1089 2196 etiam
1119 2159 1306 2208 primus,
1352 2165 1401 2194 ut
1427 2155 1562 2195 iambi
1592 2157 1647 2197 ad

256 2239 430 2268 cantum
459 2230 578 2283 lyrae
601 2234 761 2282 ‘partim
788 2232 1073 2269 recitarentur
1101 2239 1293 2275 tantum,
1328 2230 1485 2280 partim
1519 2242 1647 2268 cane-

252 2310 416 2339 rentur.
492 2301 635 2352 Quam
667 2305 991 2349 inventionem,
1043 2315 1128 2354 qua
1163 2301 1287 2340 ,nuda
1318 2304 1515 2341 recitatio
1548 2316 1646 2342 cum

255 2382 385 2411 cantu
410 2376 794 2412 instrumentorum
826 2376 1128 2428 coniungitur,
1164 2377 1212 2412 in
1234 2373 1549 2414 melodramate
1577 2388 1646 2414 re-

255 2449 497 2486 centiorum
507 2473 522 2494 ,
550 2455 598 2484 ut
617 2456 796 2494 vocant,
824 2449 1105 2485 instauratam
1128 2460 1220 2486 esse
1240 2446 1446 2486 videmus.
1460 2449 1502 2499 c)

344 2587 388 2631 a)
422 2585 548 2620 Locus
565 2584 780 2627 Plutarchi,
810 2598 888 2634 quo
909 2584 974 2621 has
994 2584 1159 2635 aliasque
1177 2585 1420 2622 inventiones
1439 2600 1551 2638 supra
1569 2602 1646 2625 me-

250 2664 414 2689 moratas
432 2651 667 2690 Archilocho
687 2653 880 2707 adscribit,
903 2654 947 2688 in
967 2664 1126 2690 tractatu
1143 2654 1188 2690 de
1209 2654 1358 2690 Musica
1377 2656 1420 2690 T.
1435 2656 1483 2691 X.
1509 2670 1547 2705 p.
1564 2656 1645 2701 630.

251 2720 306 2755 sic
333 2721 464 2756 habet:
509 2722 626 2757 Ἀλλὰ
654 2722 722 2768 μὴν
749 2722 808 2757 καὶ
836 2722 1061 2771 Ἀρχίλοχος
1090 2724 1151 2768 τὴν
1184 2728 1252 2759 τῶν
1285 2722 1480 2771 τριμέτρων
1508 2724 1644 2774 ῥυθμο·

249 2790 365 2825 ποιῖαν
392 2789 621 2837 προσεξεῦρε.
648 2790 706 2825 καὶ
733 2790 796 2835 τὴν
824 2789 872 2834 εἷς
899 2791 980 2834 τοὺς
1006 2789 1078 2838 οὐχ
1110 2791 1289 2838 ὁμογενεῖς
1318 2791 1642 2841 ῥυθμοὺς’ἐὺςασιν
