1846 3308
767 259 836 271 ¹·-
904 249 1005 282 V111
1074 260 1141 268 ⁶-

259 368 475 442 partim
500 366 571 422 ab
597 368 744 438 aliis,
794 368 934 425 dum
961 358 1191 445 praesto
1227 384 1378 441 erat,
1424 387 1654 430 mutua-

260 479 355 519 tus
392 486 535 521 sum.
639 469 1140 543 Epigrammatum
1185 490 1325 525 vero
1376 472 1657 528 Antholo-

261 566 385 637 giae
412 564 484 618 ad
508 565 922 623 Archilochum
955 570 1366 642 spectantium,
1407 586 1560 643 ‘quae
1595 575 1658 626 in

262 661 457 718 fronte
493 663 706 719 horum
750 664 1210 738 fragmentorum
1260 681 1418 735 sunt,
1482 673 1657 724 maxi-

203 819 205 821 ,
263 781 418 815 mam
440 776 664 837 partem
691 766 953 819 oratione
975 765 1149 839 ligata
1171 767 1286 819 iam
1322 767 1656 841 complexus

264 879 420 913 eram
465 874 625 928 ante,
672 882 848 934 quarn
891 865 1114 937 egregia
1160 866 1348 919 versio
1388 866 1579 921 Grotii
1625 887 1659 921 a

262 958 509 1013 Boschio
539 959 693 1015 edita
711 959 854 1014 mihi
883 963 945 1016 in
976 982 1181 1018 manus
1205 965 1393 1031 venit,
1439 984 1508 1028 ex
1542 985 1658 1039 qua

238 1104 239 1108 ,
265 1042 409 1124 du0‚
454 1077 603 1131 quae
637 1074 978 1133 supererant
1010 1060 1155 1114 mihi
1185 1061 1491 1131 vertenda,
1532 1077 1657 1118 tan·

263 1175 438 1228 quam
470 1156 692 1212 lumina
737 1171 797 1212 et
839 1171 1113 1214 ornatum
1155 1159 1513 1233 reliquorum
1562 1161 1657 1217 de·

264 1268 455 1308 sumta
485 1257 823 1330 interposui

324 1417 327 1420 Δ
413 1354 518 1407 His
547 1354 816 1409 omnibus
849 1354 1042 1409 addidi
1068 1356 1307 1414 tandem
1337 1358 1511 1412 etiam
1544 1357 1657 1426 illa,

264 1471 412 1525 quae
446 1451 794 1508 Archilocho
828 1452 971 1508 falso
1006 1454 1099 1509 vel
1136 1454 1311 1510 dubie
1355 1455 1657 1531 adscripta,

262 1551 356 1604 vel
381 1549 615 1622 adficta,
649 1554 742 1606 vel
771 1556 1073 1628 supposito
1110 1555 1229 1609 eius
1266 1556 1503 1608 nomine
1533 1554 1658 1609 vul-

264 1664 396 1723 gata
434 1665 596 1719 sunt,
653 1666 723 1707 ut
755 1652 898 1705 nihil
933 1651 1248 1725 quidquam
1273 1664 1444 1719 esset,
1498 1652 1659 1726 quod

262 1751 326 1802 in
361 1749 470 1804 hac
503 1749 757 1804 editione
803 1750 1101 1804 desideres,
1195 1752 1400 1805 Cetera
1446 1763 1659 1819 autem,

264 1867 413 1920 quae
460 1848 533 1902 ad
578 1848 1022 1917 Archilochum,
1076 1851 1196 1904 eius
1241 1851 1449 1917 vitam,
1504 1850 1660 1921 inge-

263 1947 427 1999 nium
468 1960 527 2002 et
564 1949 777 2023 scripta
824 1950 1148 2023 pertinent,
1197 1949 1258 2001 in
1306 1959 1656 2002 commenta-

262 2046 425 2099 tione
459 2046 597 2100 huic
637 2049 800 2121 operi
835 2051 1145 2122 praemissa
1180 2047 1362 2101 lector
1399 2043 1658 2099 eruditus

268 2162 411 2197 cum>
438 2146 682 2218 copiosis
728 2145 800 2198 ad
841 2166 1130 2219 quemque
1163 2145 1358 2199 locum
1391 2156 1657 2198 veterum

265 2243 610 2296 testimoniis
639 2244 912 2297 inveniet.

800 2460 1128 2471 *γ
