1846 3308
825 312 892 320 -
968 302 1062 334 110
1132 314 1200 322 -

319 421 388 460 v'el
417 422 585 474 potius,
621 430 671 483 ut
699 420 814 461 doct.
843 421 996 463 Iacobs
1030 424 1255 464 emendat:
1289 422 1382 473 τοῖς
1416 424 1535 476 θεοῖς
1565 425 1707 469 τιθεῖν

318 492 520 545 ἅπαντα,
554 495 768 537 infinitivo
794 512 876 549 pro
910 501 1188 551 imperativo,
1224 512 1273 541 ut
1299 516 1428 556 saepe
1448 503 1517 553 fit,
1549 510 1707 559 posito.

318 571 545 613 Animadv.
581 569 681 609 Vol.
711 570 783 611 ΙΙΙ.
818 571 864 612 Ρ.
891 571 964 610 ΠΙ.
999 587 1039 624 p.
1068 579 1157 625 389.
1230 574 1352 614 Idem
1384 575 1525 616 adsert
1550 579 1707 619 similes

318 645 444 685 huius
472 644 561 684 loci
588 646 849 690 sententias,
883 643 1089 696 Xenoph.
1133 646 1290 700 Cyrop.
1321 648 1374 686 II.
1412 662 1481 698 12,
1537 660 1580 690 et
1603 651 1707 691 inde

318 730 498 772 quoque
518 715 629 755 illud
648 717 817 757 Horatii
848 726 1035 755 sumtum
1063 731 1155 758 esse
1184 720 1347 777 iudicat
1364 720 1411 759 L.
1435 722 1468 761 Ι.
1497 723 1570 762 od.
1590 735 1641 774 9,
1668 736 1706 776 9.

315 793 520 831 Permitte
538 788 641 828 divis
665 797 820 827 cetera.
870 789 997 828 Adde
1010 790 1217 842 Xenoph.
1232 792 1500 833 Anabas.III.
1523 808 1559 834 c.
1577 809 1616 845 2,
1647 809 1706 835 ιο.

316 862 455 919 Οἵπερ
484 862 552 916 (οἱ
573 859 699 914 θεοὶ)
726 861 867 903 ἱκανοί
896 861 975 904 εἰσι
1005 860 1078 905 καὶ
1102 861 1205 914 τοὺς
1233 864 1459 921 μεγάλους
1489 865 1614 923 ταχὺ
1639 883 1706 925 μι-

316 940 446 999 κροὺς
467 939 620 990 ποιεῖν,
643 938 717 980 καὶ
741 936 844 988 τοὺς
866 937 1059 996 μικροὺς,
1084 940 1170 983 κᾶν
1193 941 1235 984 ἐν
1259 941 1408 993 δεινοῖς
1428 934 1523 992 αἷσι,
1553 943 1706 1002 σιὐζειν

315 1014 529 1070 εὐπετῶς,
561 1013 671 1061 ὅταν
698 1014 972 1069 βούλωνται.
1002 1032 1045 1061 et
1070 1023 1220 1062 Horat.
1247 1023 1294 1061 L.
1312 1023 1346 1063 I.
1375 1023 1446 1064 od.
1467 1029 1541 1075 34,
1573 1039 1632 1065 12.

866 1098 996 1137 Valet
1011 1100 1098 1138 ima
1113 1101 1287 1138 summis

589 1169 764 1210 Mutare
792 1179 836 1209 et
859 1173 1074 1225 insignem
1100 1181 1297 1211 attenuat
1324 1172 1430 1212 deus

589 1243 785 1284 Obscura
812 1256 1030 1295 promens.
1083 1243 1199 1286 Hinc
1226 1244 1394 1296 {apicem
1418 1259 1547 1299 rapax

687 1317 880 1356 Fortuna
907 1329 1004 1354 cum
1032 1315 1216 1356 stridore
1245 1327 1373 1358 acuto

805 1388 1007 1437 Sustulit,
1046 1386 1116 1428 hic
1141 1393 1334 1443 posuisse
1362 1390 1536 1444 gaudet.

310 1465 397 1506 Sed
418 1463 578 1504 fundus
603 1462 728 1503 huius
757 1465 1000 1501 sententiae
1027 1464 1112 1501 iam
1142 1464 1190 1502 in
1214 1462 1297 1503 illis
1316 1463 1497 1503 Homeri
1515 1463 1703 1504 versibus

311 1553 375 1582 est
394 1542 548 1596 Odyss.
568 1552 612 1580 π.
633 1553 702 1579 211
717 1567 732 1588 ,
764 1553 823 1579 12.

417 1618 603 1675 Ῥῃΐδιον
633 1616 677 1660 δὲ
706 1617 873 1665 θεοῖσι,
901 1614 970 1660 τοὶ
1000 1614 1182 1676 οὗρσινὸν
1214 1612 1340 1676 εὗρίιν
1370 1615 1542 1673 ἔχουσι.

418 1696 556 1753 Ἦμεν
586 1694 769 1751 κυδῆναι
797 1694 962 1750 θνητὸν
991 1694 1156 1754 βροτὸν
1187 1692 1260 1751 ᾗδὲ
1288 1694 1502 1737 κακῶσαι.

308 1780 453 1832 Quem
472 1787 643 1817 secutus
670 1786 733 1816 est
750 1775 967 1815 Hesiodus
987 1769 1114 1829 ”Εργ.
1141 1791 1179 1815 v.
1202 1784 1238 1823 5.
1263 1776 1319 1814 de
1339 1776 1466 1815 Iove:

414 1850 534 1894 Ῥεῖα
563 1849 643 1905 μὲν
671 1849 755 1908 γὰρ
779 1847 948 1907 βριάει,
990 1849 1084 1908 ῥεῖα
1113 1850 1158 1893 δὲ
1185 1850 1403 1907 βριάοντα
1433 1845 1671 1905 χαλέπτει,

413 1929 535 1971 ‘Pela
565 1926 600 1968 δ’
630 1926 840 1986 ἀρίζηλον
870 1923 1045 1983 μινύθει
1070 1927 1143 1971 καὶ
1171 1925 1338 1984 ἄδηλον
1371 1921 1505 1976 ἀέξει,

412 2005 533 2049 Ῥεΐα
563 2001 607 2048 δέ
636 2003 673 2049 τ’
704 2004 844 2050 ἰθύνει
874 2004 1056 2048 σκολιὸν
1085 2006 1159 2048 καὶ
1191 2003 1384 2064 ἀγήνορα
1412 2002 1591 2061 κάρφει.

410 2081 714 2135 Πολλάκις
749 2084 859 2140 μὲν.
918 2089 1094 2128 Grotius
1122 2082 1207 2142 γὰρ
1234 2101 1317 2141 pro
1343 2081 1424 2140 μὲν
1452 2083 1637 2125 exhibet.

401 2169 455 2208 V.
478 2182 515 2208 2.
572 2164 873 2224 Ὀρθοῦσιν
944 2164 1192 2223 μελαίνῃ
1250 2162 1548 2221 κειμένους
1609 2157 1698 2202 ἐπὶ

302 2242 499 2299 χθονί.
562 2247 632 2285 Sic
671 2247 794 2287 Grot.
866 2247 918 2287 In
954 2247 1139 2287 Gesneri
1176 2246 1278 2286 edit.
1317 2237 1511 2298 ὄρθοῧσι.
1547 2242 1699 2281 Exem-

300 2320 375 2372 pla
407 2324 496 2358 elus
519 2323 676 2367 moris,
725 2332 838 2372 quo,
891 2319 1088 2373 gravibus
1121 2318 1287 2358 casibus
1323 2320 1582 2369 tristitiaque
1620 2328 1697 2366 op-

301 2395 462 2444 pressi,
521 2391 639 2430 humi
676 2395 878 2445 prostrati
922 2392 1098 2445 lugent,
1155 2390 1272 2443 apud
1311 2400 1507 2429 auctores
1540 2389 1699 2440 passim

303 2478 550 2509 occurrunt.
611 2468 660 2507 Il.
690 2477 729 2506 σ.
767 2482 804 2508 v.
828 2468 890 2508 26.
927 2468 982 2508 de
1015 2467 1208 2517 Achille,
1256 2467 1400 2507 adlato
1438 2467 1602 2505 nuncio
1641 2463 1696 2503 de

301 2552 444 2582 morte
471 2542 685 2582 Patrocli:

383 2613 527 2670 Αὐτὸς
567 2618 600 2661 δ’
629 2619 682 2662 ἐν
721 2618 940 2674 κονίῃσι
972 2616 1110 2673 μέγας
1140 2613 1368 2674 μεγαλωςὶ
1397 2613 1652 2666 τανυσθεὶς-

379 2697 542 2745 listro,
572 2696 732 2754 φίλῃσι
762 2696 808 2740 δὲ
836 2695 965 2754 χερσὶ
997 2695 1138 2751 κόμην
1168 2692 1336 2751 ἥσχυνε
1367 2693 1540 2751 δαΐζων.

298 2775 369 2814 Sic
412 2776 604 2816 Priamus
652 2775 929 2815 interFectum
981 2773 1033 2813 ab
1077 2771 1246 2813 Achille
1290 2772 1525 2811 Hectorem
1572 2767 1694 2821 luget
