1846 3308
784 273 1157 302 *ποο-

370 384 607 437 Hephaest.
643 398 684 438 p.
716 390 776 431 13.
813 377 1059 434 Τρὶμετρον
1089 376 1134 420 δὲ
1163 375 1523 431 καταληκτικὸν,
1568 377 1661 424 οἷόν

241 499 246 506 ,
269 457 331 512 ἐςι
359 457 411 500 τὸ
433 456 731 516 Ἀρχιλόχου,
772 453 799 500 ὅ
825 471 937 507 τινες
955 454 1191 511 ἀκέφαλον
1216 456 1428 513 ἰαμβικὸν
1448 457 1663 503 καλοῦσι·

270 536 352 581 Ζεῢ
382 532 522 594 πάτερ
551 551 591 578 κ.
622 551 663 578 τ.
695 533 737 578 λ.

371 612 724 671 Έδαισὰμην.
778 618 849 656 Sic
887 617 1165 656 emendatum
1208 617 1262 657 ab
1290 616 1485 657 Arnaldo
1522 630 1566 669 p.
1597 621 1661 670 49.

270 695 497 736 Animadv.
534 709 612 747 pro
643 688 888 745 ἐδασάμην,
937 695 1058 748 quod
1083 690 1269 747 primum
1300 707 1328 732 α
1354 695 1486 735 'breve
1515 692 1662 746 habet,

274 783 404 821 quam
443 768 794 809 emendationem
831 770 960 806 etiam
992 778 1113 806 vetus
1147 768 1250 807 Cod.
1294 766 1532 808 confirmat.
1564 769 1662 808 vid.

271 848 415 887 Vann.
452 848 594 886 Critic.
631 860 675 898 p.
705 850 803 896 43&
834 845 982 896 Eurip.
1014 843 1210 898 Iphigen.
1242 847 1290 884 in
1318 844 1416 885 Aul.
1446 858 1535 897 707.
1570 839 1664 884 Ἐν-

270 920 405 964 ‘mos’
435 917 608 962 ἔδαισαν
639 915 827 971 Πηλέως
854 916 1001 974 γάμον
1028 917 1138 961 θεοί.

843 1167 1082 1211 LXXXV.

269 1262 575 1333 Κρύπτομεν
613 1261 794 1334 ἆνιηρὰ
831 1262 1162 1322 Ποσειδῶνος
1199 1260 1423 1322 ἄνακτος
1459 1261 1625 1335 δῶρα.

270 1430 550 1478 Condimus
580 1430 831 1492 (tumulo)
859 1430 1020 1479 tristia
1041 1430 1269 1496 Neptuni
1291 1429 1421 1496 regis
1441 1446 1664 1479 munera.

354 1603 1074 1660 Schol.AeschyliAgamemn.617.
1102 1593 1162 1643 οὗ
1192 1599 1386 1658 πόροις
1414 1599 1476 1642 «ἲν
1503 1600 1666 1656 τήνδε

214 1671 223 1680 ’
269 1677 475 1737 δωρεὰν
518 1676 655 1736 ἐμοὶ.
698 1678 750 1721 τὸ
792 1677 836 1722 δὲ
866 1678 1028 1735 δωρεὰν
1065 1676 1134 1721 ἐπὶ
1176 1679 1409 1735 συμφορᾶς
1439 1676 1666 1735 λαμβάνε-

267 1772 342 1799 ται
384 1756 457 1799 καὶ
501 1754 569 1800 ἐπὶ
612 1756 782 1805 κακοῦ,
835 1754 891 1807 ὡς
932 1754 1006 1798 καὶ
1049 1755 1349 1813 Ἀρχίλοχος·
1400 1753 1665 1816 Κρὺπτομεν

268 1849 309 1876 κ.
340 1850 381 1876 τ.
410 1832 455 1876 λ.
509 1838 641 1877 Metri
667 1841 777 1878 ratio
798 1837 1049 1892 perturbata
1073 1848 1158 1883 est;
1195 1842 1361 1891 priores
1390 1848 1538 1879 tamen
1561 1852 1667 1891 qua-

267 1921 369 1951 tuor
384 1911 519 1964 pedes
538 1924 708 1950 versum
729 1914 1052 1963 anapaesticum
1072 1910 1291 1960 efficiunt,
1319 1912 1434 1951 forte
1455 1925 1506 1950 ex
1526 1910 1666 1965 elegia

267 1994 478 2031 sumtum,
517 1987 576 2022 ita
606 1993 655 2022 ut
683 1982 931 2024 hexameter
955 1997 1051 2023 cum
1085 1986 1210 2024 initio
1232 1986 1495 2037 pentametri
1518 1983 1664 2031 fuerit,

268 2066 349 2101 sic:
386 2056 651 2115 Κρὺπτομεν
679 2048 757 2101 οὖν
785 2055 939 2115 ἂνιηρὰ
970 2056 1271 2109 Ποσειδάωνος
1298 2054 1490 2108 ἄνακτος
1513 2056 1662 2111 Δῶρα,

266 2139 336 2177 vel
361 2142 512 2177 etiam:
545 2130 820 2192 Κρύπτωμεν
845 2135 878 2178 δ’
902 2134 1057 2192 ἂνιηρὰ
1078 2151 1119 2178 κ.
1143 2152 1182 2179 τ.
1203 2134 1248 2178 λ.
1269 2141 1402 2180 Poeta
1426 2141 1541 2178 enim
1558 2136 1663 2176 mihi

267 2211 438 2250 videtur
454 2211 578 2263 loqui
599 2211 652 2250 de
679 2213 909 2268 naufragio
939 2224 982 2253 et
1000 2214 1243 2266 naufragis,
1272 2225 1457 2266 quorum
1477 2210 1661 2262 aliquos,

270 2286 345 2336 qui
374 2286 420 2321 in
442 2286 549 2321 mari
574 2287 818 2334 perierunt,
857 2287 969 2325 forte
998 2301 1021 2325 a
1046 2285 1247 2325 fluctibus
1270 2288 1317 2323 in
1335 2284 1454 2323 littus
1485 2285 1661 2329 eiectos,

268 2355 424 2413 ἀνιηρά
455 2355 722 2405 Ποσειδῶνος
753 2358 871 2415 δῶρα
900 2373 1048 2411 vocat,
1095 2371 1137 2401 et
1166 2375 1350 2414 quorum
1379 2373 1563 2412 corpora
1597 2368 1663 2397 tu·

267 2433 422 2479 mulari
450 2430 787 2490 (κρύπτεσθαι)
813 2439 950 2479 iubet.

370 2519 412 2558 K
425 2533 446 2574 ρ
460 2516 484 2560 ὑ
499 2532 569 2560 πτ
584 2532 605 2559 ο
615 2533 680 2573 με
693 2532 729 2559 ν.
759 2501 982 2574 Κρύπτειν
1008 2534 1100 2563 tum
1121 2524 1286 2571 solum,
1325 2533 1416 2562 tum
1435 2521 1584 2561 addito
1605 2516 1664 2572 γῆ

267 2600 334 2638 vel
365 2594 516 2650 τάφῳ,
551 2598 606 2638 de
635 2598 857 2650 sepultura
884 2610 1156 2639 mortuorum
1190 2600 1275 2639 dici
1304 2600 1559 2639 tralaticium
1586 2607 1662 2638 est.

266 2678 416 2730 Eurip.
438 2676 607 2718 Hecub.
632 2677 719 2729 726.
748 2671 792 2714 τί
811 2670 992 2728 μέλλεις
1018 2672 1154 2715 παῖδα
1175 2673 1252 2729 σὴν
1275 2670 1482 2729 κρύπτειν
1502 2669 1663 2727 τάφῳς

271 2755 471 2805 Aeschvl.
485 2756 733 2810 Agam.466.
757 2754 812 2808 ἃς
836 2758 966 2795 caesis
988 2754 1044 2795 ad
1059 2756 1258 2796 Troiam:
1285 2748 1465 2808 Ἐχθρὰ
1484 2748 1517 2792 δ’
1538 2748 1662 2807 ἕχον-
