1846 3308
826 315 893 326 .--
968 305 1062 348 190
1132 317 1199 326 ...-

320 421 583 476 Aeschylus,
627 426 705 474 qui
739 420 988 462 Archilochi
1017 433 1069 462 etv
1086 422 1218 463 verba
1246 433 1290 463 et
1314 427 1550 464 sententias
1585 429 1713 465 toties

319 505 420 534 ante
455 494 607 534 oculos
643 493 844 534 habuisse
886 495 1081 544 videtur,
1127 497 1283 536 iisdem
1326 501 1456 536 etiam
1491 497 1630 537 verbis
1666 503 1714 539 in

319 568 450 607 alium
474 581 647 607 sensum
669 566 895 607 declinatis
914 572 1049 608 utitur
1068 568 1266 621 Choeph.
1299 583 1383 609 120.
1410 570 1527 608 Dum
1558 569 1713 611 chorus

316 641 531 680 Electram
549 639 673 679 iubet
691 641 811 680 Deos
831 644 1015 693 precari,
1043 652 1092 681 ut
1110 643 1449 697 Agamemnonis
1465 643 1713 683 interfecto-

314 727 383 753 res
426 716 611 752 vicissim
652 713 990 762 interficiantur,
1038 729 1180 768 eaque
1225 719 1490 772 interrogat,
1536 729 1592 755 an
1629 715 1714 756 hoc

316 790 446 827 etiam
465 787 528 825 fas
552 789 761 837 piumque
780 788 855 834 sit,
883 786 957 825 ille
982 787 1241 839 respondet:

343 861 448 911 Πῶς
477 858 512 901 δ’
543 853 623 908 οὕ5
662 855 740 901 τὸν
771 855 940 916 ἐχθρὸν
972 858 1438 918 ἀνταμείβεσθαι
1467 863 1683 917 κακοῖς.

899 1091 1114 1140 LXXVI.

315 1180 427 1232 Οὐκ
462 1179 536 1231 ἔθ’
572 1177 716 1244 ὁμῶς
750 1176 960 1238 θάλλεις
998 1177 1201 1230 ἁπαλὸν
1235 1183 1410 1251 χρόα·
1445 1181 1707 1252 κάρφεται

706 1268 809 1338 γὰρ
844 1267 952 1331 ἤδη·

312 1444 434 1487 Non
466 1437 681 1502 amplius
716 1435 947 1483 similiter
981 1435 1128 1484 flores
1173 1437 1549 1500 pulchritudine
1588 1440 1707 1488 deli·

714 1526 816 1574 cati
851 1526 1099 1590 corporis;
1148 1527 1250 1575 iam
1284 1528 1421 1576 enim
1456 1531 1707 1578 exarescit.

450 1691 621 1732 (Brunck
643 1693 681 1721 Τ.
699 1692 727 1720 1.
759 1700 792 1729 p.
814 1694 862 1727 45.
891 1688 933 1719 fr.
954 1697 1000 1727 27.
1024 1692 1144 1721 Iacobs
1165 1691 1242 1721 Vol.
1262 1693 1288 1720 1.
1311 1693 1349 1722 P.
1371 1694 1398 1722 1.
1422 1702 1454 1731 p.
1477 1693 1566 1732 170.)

384 1756 621 1810 Hephaest.
649 1770 692 1809 p.
717 1767 776 1807 19.
819 1746 918 1803 ’Έςι
952 1750 996 1793 δὲ
1027 1749 1069 1793 ἐν
1102 1745 1228 1807 αὐτῷ
1254 1751 1594 1810 (Καλλιμάχῳ)
1624 1754 1708 1797 ἐπί-

309 1845 448 1887 σημον
473 1827 525 1873 τὸ
545 1830 744 1885 &ipen-pov
762 1826 1214 1885 βραχυκατάληκτον
1238 1830 1291 1873 τὸ
1322 1828 1709 1888 καλούμενονίθυ·

310 1907 571 1964 φαλλικὸν,
608 1898 646 1962 ᾦ
678 1906 900 1962 πρῶτοςῆ
926 1905 1202 1963 Ἀρχίλοχος
1234 1906 1456 1965 ἐχρήσατο
1494 1903 1706 1967 συζεύξας

310 1980 422 2028 αὐτὸ
452 1983 713 2041 δακτυλικῷ
750 1983 1033 2043 τετραμέτρῳ
1064 1981 1228 2034 οὕτως·
1279 1979 1446 2029 Οὖκέ9”
1478 1986 1593 2039 ὁμῶς
1627 1986 1707 2041 καὶ

305 2079 347 2105 τ.
381 2061 424 2105 λ.
461 2077 504 2107 et
522 2081 564 2119 p.
585 2081 647 2106 22.
675 2060 749 2105 καὶ
774 2062 864 2105 τῶν
887 2059 1217 2116 ἂκαταλὴκτων
1251 2061 1296 2105 δὲ
1327 2063 1379 2106 τὸ
1408 2064 1706 2122 τετράμετρον

307 2139 584 2199 ’Δρχὶλοχος
621 2134 796 2190 ἔνδοξον
837 2139 1008 2196 ἐποίησε
1047 2137 1117 2180 διὰ
1146 2137 1198 2181 τὸ
1228 2134 1447 2196 προτάξαι
1474 2134 1584 2183 αὐτὸ
1623 2141 1704 2184 τοῦ

305 2217 555 2275 τροχαῖκοῢ
582 2218 662 2260 τοῦ
692 2216 974 2275 καλουμένου
995 2214 1312 2272 ἰθυφαλλικοῢ
1344 2215 1508 2268 οὕτως·
1535 2211 1705 2261 Οὒκὲ9’

306 2294 345 2338 ὁ.
368 2311 409 2337 κ.
430 2311 468 2337 τ.
493 2294 536 2335 λ.
565 2302 667 2337 item
688 2313 731 2351 p.
752 2305 814 2345 5ο.
864 2299 1050 2337 Videtur
1070 2297 1139 2336 hic
1159 2314 1301 2340 versus
1319 2314 1416 2352 pars
1439 2313 1530 2339 esse
1553 2299 1702 2351 epodi,

304 2372 446 2425 qualis
478 2380 541 2409 est
568 2371 718 2424 fragm.
741 2372 812 2419 (31,
850 2381 893 2409 ct
923 2381 1054 2423 poeta
1085 2371 1284 2411 deridere
1313 2373 1544 2419 feminam,
1583 2375 1703 2411 cuius

304 2441 584 2496 pulchritudo
604 2446 688 2481 iam
708 2442 1019 2497 progrediente
1039 2453 1178 2483 aetate
1195 2447 1351 2483 sensim
1383 2445 1650 2483 diminuitur.

415 2516 452 2558 Θ
466 2515 494 2557 ἁ
508 2513 537 2556 λ
551 2513 635 2558 λει
652 2531 681 2566 ς.
726 2520 795 2559 De
819 2521 956 2559 forma
981 2530 1024 2560 et
1048 2524 1195 2574 vigore
1217 2524 1449 2560 iuventutis
1470 2524 1625 2573 passim
1646 2519 1702 2560 ab

304 2592 552 2633 auctoribus
575 2602 826 2645 usurpatur,
865 2602 913 2631 ut
941 2595 989 2632 in
1018 2592 1153 2632 latina
1183 2593 1334 2648 lingua
1360 2605 1404 2633 et
1431 2604 1580 2633 nostra
1609 2607 1702 2633 ver-

302 2671 462 2710 nacula
487 2669 548 2709 fit.
600 2670 756 2709 Anacr.
787 2669 871 2707 Od.
899 2670 962 2716 68.
989 2664 1067 2707 ’1δέ
1098 2665 1178 2722 τὴν
1210 2664 1350 2722 φίλην
1380 2669 1588 2724 γυναῖκα,
1616 2669 1701 2712 Κο-

334 2792 367 2831 *)
389 2794 445 2824 Sic
465 2794 625 2825 Dorville
647 2803 689 2824 cx
710 2794 786 2823 MS.
811 2793 923 2823 Vann.
947 2793 1031 2823 Crit.
1053 2804 1086 2842 p..
1100 2798 1174 2831 ¹435,
