1846 3308
833 282 1035 335 464
1107 307 1173 313 -„

310 415 376 458 rin
409 411 634 459 Heraclia,
679 411 916 464 aliquando
945 413 1044 452 Siris
1062 417 1274 454 vocata.“
1324 416 1394 455 Ad
1429 431 1541 471 quae
1574 420 1707 460 verba

312 487 441 525 Plinii
474 484 723 524 Harduinus
750 494 897 532 notat,
932 483 1090 531 fluvios
1114 485 1191 526 hos
1219 501 1338 527 nunc
1365 494 1568 542 temporis
1601 494 1706 546 Sino

308 559 378 598 vel
402 560 551 598 Senno
585 567 628 596 et
645 558 761 611 Agro
792 561 964 606 vocari‘,
1003 569 1046 597 et
1067 559 1289 600 Cluverius
1320 565 1367 600 in
1394 562 1632 614 Introduct.
1660 569 1708 605 in

314 632 475 685 Geogr.
494 640 686 669 veterem
714 631 760 669 L.
780 630 852 670 III.
882 631 929 669 C.
947 638 1011 678 30.
1039 631 1296 672 Heracleam
1315 647 1434 673 nunc
1451 638 1512 686 in¹
1527 639 1705 691 vestigio

309 708 531 744 ruinarum
568 703 830 743 Policore
870 704 979 750 dici;
1017 705 1079 743 CI.
1112 706 1331 745 Harlesius
1369 721 1472 748 vero
1501 708 1705 748 Biblioth.

312 778 466 815 Graec.
492 777 543 814 T.
573 776 606 814 Ι.
642 790 684 828 p.
712 783 801 827 529.
832 787 924 815 not.
956 787 984 816 t.
1021 779 1134 817 Sirin
1161 782 1247 818 sive
1279 780 1534 820 Heracleam
1574 778 1707 821 hodie

309 852 447 890 Torre
477 849 548 887 del
571 862 689 887 mare
718 852 876 888 vocari.
940 851 1006 889 Cf.
1030 855 1156 890 etiam
1187 852 1459 891 Itinerarium
1489 853 1542 890 H.
1571 854 1707 892 Sv'vin-

310 923 457 963 burnii
496 923 675 972 (Rei-ren
703 921 844 961 durch
881 923 1020 975 beyde
1056 925 1237 975 ⁴S'icilien.v
1276 946 1326 954 —
1370 925 1582 965 iiberseczc
1618 941 1708 966 von

309 998 515 1046 Forscer)
542 995 593 1034 Τ.
610 995 642 1034 Ι.
671 1009 714 1047 p.
733 1002 796 1047 37.
818 1005 861 1034 et
876 1001 964 1048 544.
984 997 1072 1043 56ι.
1095 1007 1136 1037 et
1154 1011 1276 1050 seqq.

411 1097 563 1134 Siritae
581 1104 742 1142 autem,
765 1093 936 1134 finitimi
955 1096 1176 1150 Sybaritis,
1198 1109 1292 1136 non
1311 1110 1434 1137 secus
1455 1112 1504 1138 ac
1524 1098 1567 1138 hi
1586 1099 1706 1138 luxui

311 1184 362 1209 ac
384 1169 548 1208 deliciis
570 1167 706 1206 dediti
725 1178 868 1216 erant,
896 1169 951 1207 ad.
979 1183 1083 1221 quas
1109 1173 1200 1221 ipsa
1222 1170 1421 1210 locorum
1442 1176 1705 1212 amoenitate

310 1254 354 1282 et
381 1242 624 1285 fertilitate,
664 1254 792 1293 quarn
820 1238 1103 1280 Archilochus
1143 1242 1255 1282 adeo
1287 1247 1464 1283 miratus
1492 1255 1576 1294 est,
1615 1256 1705 1284 tum

313 1319 442 1355 etiam
464 1314 660 1366 exemplo
684 1313 977 1368 Sybaritarum
1003 1314 1115 1354 forte
1136 1316 1304 1355 inducti
1329 1327 1442 1356 sunt.
1502 1318 1566 1357 Ita
1589 1322 1705 1358 enirn

309 1393 367 1432 de
397 1395 446 1431 iis
475 1391 724 1430 Athenaeus
751 1392 797 1429 L.
821 1390 917 1430 XII.
945 1406 987 1444 p.
1013 1398 1111 1439 525:
1162 1390 1218 1431 Οἱ
1256 1389 1336 1445 τὴν
1374 1391 1502 1447 Σῖριν
1543 1390 1586 1433 δὲ
1631 1407 1706 1434 κα·

308 1465 583 1515 τοικοῦυτες,
632 1462 684 1521 ἧν
716 1465 884 1521 πρῶτοι
914 1464 1140 1521 κατέσχον
1171 1468 1211 1510 οἱ
1246 1467 1334 1510 ἀπὸ
1363 1469 1522 1527 Τροίας
1552 1469 1705 1513 ἐλθόν-

309 1560 403 1593 τες,
448 1541 598 1601 ὕςερον
632 1542 666 1584 δ’
697 1540 780 1585 ὑπὸ
811 1540 1142 1595 Κολοφωνίων.
1182 1541 1239 1602 ὥς
1277 1546 1387 1602 φησι
1417 1548 1603 1601 Τιμαῖος
1632 1546 1705 1590 καὶ

308 1621 612 1678 Ἀριςοτέλης,
657 1621 714 1670 εἰς
750 1620 926 1676 τρυφὴν
965 1615 1209 1671 ἐξώκειλαν
1246 1617 1340 1680 οὐχ
1381 1617 1513 1680 ἧσσον
1552 1625 1706 1677 Συβα-

312 1687 458 1757 gat-rubr.
509 1698 587 1740 καὶ·
624 1699 710 1755 γὰρ
749 1697 862 1748 ἰδίως
898 1698 999 1755 παρ’
1033 1693 1185 1750 αὐτοῖς
1235 1699 1509 1759 ἐπεχωρίασε
1552 1703 1705 1760 φορεῖν

312 1777 516 1826 ἀνθίνους
549 1777 771 1836 χιτῶνας,
811 1773 887 1826 οὑξ·
924 1773 1166 1834 ἐζώννυντο
1204 1778 1376 1836 μίτραις
1411 1779 1704 1824 πολυτελέσι·

310 1854 386 1898 καὶ
426 1852 672 1897 ἐκαλοῦντο
719 1850 788 1895 διὰ
825 1853 998 1898 τούτων
1039 1851 1123 1898 ὑπὸ
1163 1857 1253 1898 τῶν
1291 1857 1519 1913 περιοίκων
1560 1874 1706 1915 μιτρο-

310 1928 522 1989 χίτωνες)
585 1930 676 1975 ἐπεὶ
711 1929 909 1990 ’Όμηρος
954 1931 1057 1985 τοὺς
1106 1933 1297 1992 ἂζίυςους
1349 1934 1706 1994 ἀμιτροχίτωνας

311 2010 456 2054 καλεῖ.

408 2115 509 2153 Siris
539 2126 643 2152 vero
670 2112 788 2153 fluvii
807 2127 972 2155 nomen
1005 2114 1174 2155 celebre
1198 2125 1356 2168 postea.
1379 2118 1613 2169 praecipue
1639 2117 1703 2157 fa-

310 2196 425 2224 ctum
462 2196 526 2225 est
561 2197 740 2225 cruenta
783 2188 858 2226 illa
890 2201 1066 2241 pugna,
1116 2202 1200 2240 qua
1235 2187 1418 2242 Pyrrhus
1456 2190 1701 2230 Tarentinis

307 2259 517 2298 auxilians
546 2259 602 2298 ad
623 2258 740 2298 hunc
764 2258 941 2298 fluvium
963 2261 1184 2300 Romanos
1204 2263 1373 2314 ingenti
1399 2260 1521 2300 clade
1541 2261 1701 2302 afflixit.

308 2331 420 2370 Flor.
441 2332 489 2369 L.
505 2331 538 2369 Ι.
560 2332 606 2369 C.
629 2338 687 2377 18.
714 2333 886 2384 „Apud
905 2329 1160 2373 Heracleam
1178 2344 1221 2372 et
1243 2335 1505 2386 Campaniae
1523 2333 1700 2374 fluvium

307 2404 433 2441 Sirim
453 2404 645 2443 Laevino
672 2405 852 2444 consule
871 2399 1008 2457 prima
1029 2410 1234 2460 pugna.“
1268 2406 1370 2444 Vid.
1390 2406 1616 2447 Animadv.
1636 2409 1702 2448 Ia-

309 2475 427 2515 cobs.
466 2476 518 2514 V.
547 2476 579 2515 I.
608 2477 653 2515 P.
676 2477 708 2516 I.
735 2490 779 2529 p.
801 2478 884 2518 166.
915 2482 990 2532 qui
1014 2479 1233 2528 observat,
1273 2479 1398 2519 huius
1419 2484 1601 2520 nominis
1620 2480 1703 2531 flu-

305 2552 426 2588 vium
453 2548 558 2588 alibi
589 2563 684 2589 non
720 2555 1062 2591 commemorari.
1135 2553 1231 2591 Fuit
1262 2562 1409 2592 tamen
1440 2554 1538 2592 Siris
1572 2556 1700 2593 etiarn

308 2624 424 2661 inter
440 2625 620 2662 nomina
641 2623 754 2672 Nili,
780 2634 828 2662 ut
848 2624 1010 2664 Plinius
1028 2626 1077 2664 L.
1097 2627 1148 2665 V.
1169 2631 1255 2670 255.
1283 2625 1420 2665 Solin.
1445 2627 1491 2665 C.
1511 2630 1583 2677 44,
1611 2627 1700 2678 669.

309 2698 488 2751 Dionys.
526 2700 691 2754 Perieg.
737 2714 776 2739 v.
809 2707 895 2747 223.
943 2700 1000 2740 de
1048 2702 1172 2742 Nilo:
1202 2699 1324 2755 Σῖρις
1366 2696 1436 2741 ὑπ’
1474 2699 1698 2743 Αἰθιόπων

308 2770 615 2826 κικλήσκεται.
660 2779 763 2815 item
785 2777 935 2816 Avien.
963 2777 1178 2830 Descript.
1202 2780 1294 2819 orb.
1316 2781 1404 2827 556.
