1846 3308
812 292 1152 334 -62—

289 421 351 461 ibi
375 421 539 459 divitias
561 417 737 472 Gygae,
775 416 845 457 hic
860 418 1051 459 Arabum
1071 429 1115 459 et
1141 420 1375 467 Indorum
1410 421 1472 462 ibi
1491 422 1680 464 honores

291 504 333 532 et
353 479 595 544 potentiam
622 502 927 545 tyrannorum,
964 491 1035 531 hic
1063 492 1253 533 honores
1281 508 1306 533 a
1325 494 1565 546 Quiritibus
1594 496 1683 537 col-

287 566 413 605 latos.
475 564 628 603 Virum
657 567 788 618 igitur
816 567 948 603 animi
974 569 1208 605 constantis
1232 577 1276 605 et
1301 569 1361 605 ita
1382 571 1611 619 compositi
1615 582 1715 637 22„-

287 637 513 691 praedicat
538 635 609 695 his¹
626 636 818 677 versibus
840 635 1144 686 Archilochus,
1180 648 1231 677 ut
1256 637 1414 678 affectu
1434 641 1679 681 admiratio-

285 714 379 758 nis,
419 709 634 762 huiusque
655 713 860 748 comitum
883 709 1072 749 invidiae
1086 738 1100 758 ,
1144 711 1415 763 cupiditatis,
1456 723 1498 752 et
1518 717 1681 754 timoris

286 797 382 823 non
399 781 692 835 perturbetur,
720 796 883 835 neque,
907 785 942 821 si
963 782 1069 834 quid
1087 783 1239 823 melius
1261 799 1337 824 sua
1357 799 1434 838 spe
1451 785 1584 834 videt,
1607 786 1683 826 de-

286 856 377 896 fixis
407 854 571 903 oculis,
605 863 655 892 ut
672 854 790 893 idem
813 854 1017 894 Horatius
1043 858 1124 903 ait,
1161 860 1397 911 animoque
1426 868 1468 898 et
1497 872 1681 912 corpore

287 938 472 981 torpeat.
525 927 595 965 De
620 927 782 966 invidia
801 926 902 975 illa,
933 940 1045 980 quae
1065 940 1170 978 opes
1192 933 1524 982 potentiamque
1547 946 1596 970 ac
1614 935 1682 972 ni·-

287 1007 417 1042 miam
436 1014 582 1040 rerum
603 1000 933 1041 admirationem
951 1003 1203 1051 comitatur,
1225 1001 1421 1067 (pulchre
1440 995 1680 1056 Sophocles

289 1075 403 1114 Oed.
422 1074 523 1128 Tyr.
541 1087 579 1112 v.
600 1078 689 1121 550.

440 1168 512 1217 ἶΩ
540 1173 710 1218 πλοῢτε
737 1172 811 1217 καὶ
843 1175 1044 1232 τυραννὶ,
1084 1175 1158 1220 καὶ
1188 1177 1330 1235 τέχνη
1358 1176 1519 1235 τέχνης

445 1252 787 1311 εΤἰι-ερφὲρουσα
817 1253 884 1309 τῷ
916 1253 1160 1312 πολυζήλῳ
1189 1254 1291 1309 βίῳ,

439 1328 574 1382 ’Όσος
603 1330 704 1387 παρ’
735 1328 837 1387 ἡμῖν
870 1330 892 1373 ὁ
925 1332 1094 1385 φθόνος
1128 1331 1431 1388 φυλάσσεται.

284 1431 382 1471 Alia
400 1441 548 1471 mente
578 1440 621 1470 et
647 1441 765 1470 recte
785 1431 839 1470 de
872 1431 1025 1470 eadem
1051 1432 1338 1472 admiratione
1356 1432 1480 1472 Plato
1498 1430 1678 1473 Theaet.

284 1505 336 1549 Τ.
356 1509 408 1547 ΙΙ.
444 1522 487 1560 p.
506 1509 569 1560 76.
630 1503 777 1546 Μάλα
806 1504 891 1562 γὰρ
918 1504 1180 1559 φιλοσόφου
1207 1504 1343 1548 τοῦτο
1371 1504 1424 1548 τὸ
1452 1504 1599 1556 πάθος
1623 1504 1676 1548 τὸ

283 1581 549 1640 θαυμάζειν·
596 1579 647 1625 οὐ
691 1581 776 1638 ’γὰρ
819 1578 942 1638 σ’ίλλη
987 1582 1106 1639 ἀρχὴ
1158 1580 1433 1637 φιλοσοφίας
1477 1582 1507 1641 ἢ
1546 1580 1676 1639 αὕτη.

283 1661 446 1712 Aperte
483 1658 568 1698 hoc
601 1657 851 1698 Archilochi
900 1673 1073 1699 carmen
1105 1660 1339 1700 Anacreon
1388 1663 1577 1700 imitatus
1614 1669 1677 1699 est

284 1732 370 1772 od.
389 1732 487 1770 XV.
517 1730 587 1781 (id
610 1732 732 1784 quod
752 1734 880 1770 etiarn
903 1731 1103 1772 observat
1124 1733 1240 1773 doct.
1261 1732 1414 1773 Iacobs
1426 1734 1455 1783 ).

441 1828 515 1875 Ot’s'
541 1847 617 1888 μοι
647 1830 773 1888 μέλει
801 1830 958 1891 Γύγαο

439 1909 533 1953 Τοῢ
565 1907 772 1965 Σάρδεων
804 1905 1010 1963 ἄνακτος,

439 1980 544 2031 Οὐδ’
575 1988 704 2045 αἱρέει
733 2003 788 2043 με
816 1988 998 2046 χρυσὸς,

439 2059 556 2108 Οὐδὲ
585 2065 746 2118 Φθυνῶ
778 2066 1016 2124 τυράννοις.

276 2164 474 2204 Eandem
494 2168 756 2205 sententiam
779 2169 908 2206 etiam
928 2169 1126 2220 exprimit
1137 2164 1331 2218 Alpheus
1344 2164 1544 2219 Mitylen.
1556 2164 1667 2204 Ana·

277 2237 378 2277 lect.
405 2238 456 2275 T.
473 2238 527 2276 ΙΙ.
554 2252 597 2291 p.
622 2251 706 2290 129.

437 2333 506 2380 Οὐ
535 2338 674 2394 ςὲργω
701 2338 984 2395 βαθυληΐους
1012 2339 1218 2399 ἀρούρας,

436 2410 535 2458 Οὐκ
563 2411 707 2467 ὄλβον
737 2400 1052 2475 πολύχρυσόν,
1089 2414 1163 2460 οἷα
1189 2413 1351 2474 Γύγης.

434 2485 689 2552 Δῦταρκοῢς
719 2491 877 2552 ἔραμαι
905 2493 1034 2547 βίου,
1070 2496 1296 2553 Μακρῖνε·

435 2568 499 2612 Τὸ
528 2571 663 2628 μηδὲν
694 2571 780 2629 γὰρ
812 2566 955 2627 ἄγαν,
994 2567 1110 2628 ἄγαν
1139 2588 1195 2630 με
1223 2570 1383 2628 τέρπει.
