1846 3308
488 777 1262 830 FRAGMENTA

180 877 1573 946 IOBAGCHORUM.

799 1138 949 1183 LXX.

183 1230 474 1312 Δήμητρος
499 1234 651 1304 ἁγνῆς
672 1233 761 1285 καὶ
783 1236 938 1307 κόρης
963 1234 1051 1295 τὴν
1079 1234 1357 1308 πανήγυριν
1387 1236 1574 1298 σέβων.

184 1411 360 1455 Castae
404 1417 591 1452 sacram
634 1416 875 1467 pompam
922 1398 1095 1447 colens
1140 1397 1329 1447 Cereris
1371 1410 1423 1446 et
1455 1401 1579 1447 Pro-

628 1481 634 1486 ’
1057 1489 1296 1552 serpinae.

284 1660 518 1717 Hephaest.
556 1673 602 1714 p.
626 1665 689 1707 55.
725 1649 876 1697 ’Δλλο
916 1651 1218 1709 ἂσυνάρτητον
1261 1650 1420 1708 ὁμοίως
1459 1651 1581 1695 κατὰ

182 1736 265 1794 τὴν
293 1735 472 1793 πρώτην
503 1732 794 1778 ἂντιπὰθειαν
834 1725 883 1781 ἐξ
921 1730 1135 1787 ιάμβικοῦ
1177 1729 1381 1790 διμέτρου
1412 1729 1580 1774 ἀκατα-

183 1814 358 1870 muron
396 1812 472 1854 καὶ
511 1809 759 1870 τροχαῖκοῦ
803 1807 1138 1868 ἑφθημιμεροῢς
1174 1807 1256 1852 τοῦ
1296 1807 1580 1865 καλουμένου

183 1889 485 1950 Εὐριπιδείου·
526 1887 618 1934 οἶόν
650 1888 709 1941 ἑςι
738 1888 790 1931 τὸ
827 1887 869 1931 ἐν
909 1888 1002 1938 τοῖς
1029 1886 1374 1945 ἀναφερομένοις
1402 1887 1457 1939 εἷς
1486 1886 1581 1943 ’Δρ-

184 1970 388 2028 χὶλοχον
439 1963 718 2023 Ἰοβάκχὸις·
774 1964 1004 2022 Δήμητρος
1054 1964 1096 2006 ἁ.
1149 1976 1191 2006 κ’.
1247 1979 1289 2006 κ.
1347 1981 1389 2008 τ.
1440 1981 1487 2008 π.
1538 1978 1579 2007 σ.

183 2047 334 2087 Dubie
347 2044 612 2098 Hephaestio
632 2043 711 2084 hos
728 2041 967 2083 Iobacchos
986 2040 1250 2082 Aschilocho
1274 2040 1438 2090 tribuifi‚
1459 2041 1581 2081 unde

187 2119 383 2159 Dorville
413 2121 459 2157 in
485 2118 646 2157 Vanno
675 2117 777 2155 Crit.
804 2130 848 2168 p.
876 2121 989 2167 435.:
1024 2115 1138 2163 „Ad
1166 2114 1238 2154 hos
1265 2113 1505 2154 Iobacchos
1532 2117 1580 2153 in

185 2190 403 2231 Bacchicis
430 2191 546 2230 festis
576 2192 672 2228 cani
699 2189 848 2228 solitos
874 2190 1050 2239 respicit
1076 2188 1229 2227 Pollux
1254 2189 1301 2226 L.
1323 2188 1397 2227 IV.
1427 2201 1462 2226 c.
1485 2186 1581 2227 VII.

185 2264 422 2321 Παροίνια·
453 2262 700 2319 ’Ῑόβακχοι.
752 2264 998 2305 Verisimile
1022 2274 1165 2303 autem
1182 2263 1243 2313 fit,
1272 2262 1579 2304 Archilochum

188 2347 301 2386 sorte
336 2348 524 2398 primum
549 2339 791 2395 Ἰάβακχον
835 2345 1145 2395 composuisse,
1193 2342 1355 2382 deinde
1392 2341 1446 2381 ab
1487 2342 1579 2381 aliis

189 2421 329 2470 poetis
367 2418 473 2457 alios
500 2417 683 2472 hymnos
722 2415 917 2455 eiusdem
946 2418 1190 2468 argumenti
1225 2415 1356 2455 fuisse
1385 2414 1578 2459 addit0s;

190 2493 347 2529 sensim
374 2503 524 2530 omnes
562 2491 660 2530 illos
686 2492 734 2529 in
759 2501 898 2528 unum
930 2487 1184 2527 fasciculum
1212 2488 1417 2528 collectos
1454 2496 1497 2526 et
1524 2486 1580 2526 ad.

191 2576 327 2602 unum
356 2572 574 2603 auctorem
600 2562 774 2602 relatos.
787 2564 820 2585 “

290 2634 360 2673 De
386 2634 608 2674 Iobacchis
643 2634 729 2675 vid.
756 2634 969 2676 Athenae.
1003 2635 1052 2674 L.
1079 2635 1197 2674 XIV.
1234 2648 1278 2686 p.
1309 2634 1397 2684 671.
1431 2630 1577 2670 Schol.

193 2709 408 2762 Aristoph.
435 2705 617 2763 ’Δχαρυ.
636 2716 724 2762 534.
775 2712 978 2752 Proclum
1004 2715 1051 2751 in
1074 2709 1387 2751 Chrestomath.
1418 2719 1458 2749 et
1486 2710 1579 2748 Me·

194 2782 347 2822 nandr.
384 2781 564 2822 Rhetor.
607 2783 662 2822 de
696 2784 871 2824 Encorn.
910 2784 957 2822 C.
982 2784 1013 2823 Ι.
1075 2784 1202 2823 Forte
1241 2782 1310 2821 hic
1343 2796 1486 2822 versus
1524 2780 1579 2821 ad
