1846 3308
197 229 222 264 Q

32 295 68 328 .
239 339 258 363 ⁶
275 268 331 339 3.
577 324 585 325 f.
600 316 637 331 -
667 297 727 308 -—
796 288 897 329 279
967 297 1035 308 —

0 430 12 469 b
182 396 313 440 inibus
334 404 562 447 emendavit,
587 403 789 453 additaque
810 404 928 439 latina
945 405 1122 441 versione
1141 388 1310 445 edidit'F.
1324 405 1542 443 O-Dewec.

198 468 302 508 1795.
318 483 334 490 -
349 466 385 505 8.
432 467 477 505 18
492 473 549 508 gr.
562 487 573 502 ,
620 460 746 496 charta
767 461 990 508 scriptoria,
1409 475 1427 496 ι
1449 461 1540 498 thlr.

76 558 79 559 ⁷
149 515 322 557 Phaedn',
348 517 515 565 Augusti
530 516 693 556 Liberti,
721 514 948 551 Fabularum
964 517 1215 564 Aesopiamm
1230 517 1400 555 LibriV.
1440 519 1540 554 Cum

136 565 165 601 ff
194 570 302 608 no‘vo
323 572 609 609 Commentario
626 572 726 609 Petri
741 572 964 607 Burmanni.
1008 577 1044 615 8.
1063 572 1154 606 mai.
1211 585 1229 606 1
1252 572 1364 615 thlr.,
1411 573 1540 609 charta

194 628 418 676 scriptoria,
1256 643 1273 663 1
1295 629 1386 665 thlr.
1420 631 1463 666 16
1482 643 1539 678 gr.

147 683 311 720 Phaedri
328 683 557 726 Fabularum
573 685 824 733 Aesopiamm
845 684 960 721 Libri
977 685 1027 722 V.
1082 685 1181 721 cum
1208 697 1541 733 progymnasmate

193 742 370 790 poetico,
411 754 478 777 seu
507 740 739 788 Metaphrasi
767 740 1023 776 Senariorum.
1090 743 1138 776 In
1164 754 1276 776 usum
1303 741 1541 779 Scholarum.

15 822 40 848 .
150 796 751 894 Phsitllalgioffinffelssclagiimiiia
771 866 910 902 graeca,
958 853 1168 889 Maximam
1186 865 1330 902 partem
1356 868 1376 890 e
1398 799 1540 891 οοῗίὶξῖ-

193 909 265 945 bus
279 909 510 965 Quamuis
531 919 569 944 et
587 908 896 949 oxoniensibus,
931 921 1031 944 nunc
1049 910 1217 957 primum
1246 911 1289 945 in
1307 909 1430 945 lucem
1452 923 1540 959 pro-

194 964 324 1006 ducta,
356 964 486 1014 aliqua
503 966 615 1000 etiam
644 967 785 1001 iterum
804 964 1016 1014 publicata:
1053 966 1182 999 omnia
1210 979 1312 1002 nunc
1332 967 1374 1001 in
1402 980 1535 1008 unum,

193 1031 371 1069 excerpto
396 1029 571 1070 poemate
598 1022 644 1057 de
671 1022 919 1061 animalibus,
964 1020 1141 1062 collecta,
1177 1022 1391 1065 emendata,
1422 1023 1539 1059 latine

0 1074 33 1141 'b
190 1078 447 1126 interpretata,
466 1089 503 1113 et
519 1078 830 1114 annotationibus
850 1077 1047 1112 illustrata.
1087 1077 1272 1112 Accedit'
1260 1079 1390 1126 ignoti
1406 1086 1540 1127 poetae

131 1148 149 1172 s
191 1135 425 1183 antiquioris
444 1148 595 1170 carmen
611 1135 654 1169 in
663 1137 699 1171 S.
711 1134 970 1174 Theodorum,
996 1147 1043 1168 ex
1055 1135 1275 1183 Augustano
1294 1134 1425 1170 codice
1438 1147 1540 1171 nunc

120 1199 163 1245 .
190 1192 361 1240 primum
382 1191 543 1227 editum.
596 1190 859 1226 Praemittitur
876 1190 1089 1226 dissertatio
1110 1191 1156 1226 de
1175 1190 1303 1226 Philae
1322 1191 1431 1232 Vita,
1469 1194 1541 1227 Ae·

191 1258 267 1283 tate
298 1259 336 1283 et
365 1247 539 1296 Scriptis.
605 1247 704 1283 Cura
731 1247 852 1283 Gottl.
883 1246 1165 1284 Wernsdorffii.
1220 1255 1255 1293 8.
1283 1248 1372 1282 mai.
1413 1247 1539 1284 charta

191 1305 406 1354 scriptoria,
1258 1317 1275 1337 1
1299 1303 1389 1339 thlr.
1421 1315 1462 1338 12
1480 1318 1536 1352 gr.

144 1359 285 1402 Plinii,
322 1362 366 1398 C.
384 1361 570 1402 Secundi,
595 1359 791 1398 Naturalis
810 1359 995 1395 Historia.
1042 1358 1141 1394 Cum
1168 1360 1479 1408 interpretatione
1500 1372 1539 1398 et

188 1418 294 1452 notis
313 1418 474 1467 integris
492 1418 578 1454 Ioh.
597 1416 799 1458 Harduini‚
826 1417 995 1463 itemque
1012 1426 1098 1449 cum
1122 1417 1403 1453 commentariis
1422 1428 1460 1453 et
1476 1418 1537 1453 ad·

188 1474 457 1511 notationibus
475 1474 699 1514 Hermolai,
724 1470 903 1511 Barbari,
936 1471 1124 1511 Pintiani,
1150 1471 1343 1512 Rhenani‚
1372 1472 1535 1515 Gelenii,

185 1529 476 1581 Dalechampii,
501 1530 704 1580 Scaligeri,
731 1528 925 1568 Salmasii,
951 1529 1000 1562 Is.
1021 1527 1172 1568 vossii,
1197 1529 1242 1562 T.
1262 1530 1306 1563 E.
1328 1530 1534 1572 Gronovii,

189 1596 228 1621 et
246 1587 457 1623 vm'orum.
507 1587 614 1625 Voll.
634 1588 683 1622 X.
732 1590 768 1629 3.
786 1584 877 1619 mai.
1233 1593 1275 1627 17
1297 1584 1386 1620 thlr.
1416 1596 1457 1620 12
1475 1599 1533 1634 gr.

123 1640 376 1683 ‚Plutarch-1³,
401 1643 448 1678 de
465 1643 686 1678 discrimine
705 1641 822 1678 amici
843 1652 881 1676 et
897 1638 1115 1674 adulatoris.
1148 1639 1246 1674 Cum
1265 1640 1535 1678 animadversi-

189 1697 330 1734 onibus
340 1699 530 1747 Xylandri
550 1698 802 1748 aliorumque,
831 1707 869 1732 et
886 1696 1013 1731 indice
1027 1707 1167 1731 vocum
1176 1708 1406 1744 graecarum.
1432 1698 1532 1733 Cura

188 1757 243 1791 M.
263 1755 310 1790 G.
329 1758 375 1791 A.
392 1756 572 1805 Krigelii‘.
618 1762 654 1800 8.
1411 1766 1453 1788 10
1473 1767 1531 1802 gr.

139 1810 271 1851 Pselli,
300 1814 377 1852 M.,
403 1813 587 1861 Synopsis
607 1814 769 1860 Legum.
797 1810 916 1855 *Cum
934 1808 1051 1844 latina
1070 1808 1380 1856 interpretatione
1403 1820 1440 1844 et
1463 1822 1535 1845 no·

186 1868 235 1903 tis
243 1869 434 1905 Francisci
447 1871 549 1918 Bosq
555 1870 644 1909 ueti,
665 1867 885 1915 selectisque
902 1865 1232 1908 observationibus
1243 1865 1359 1900 Com.
1372 1865 1532 1900 Sibenii.

184 1930 220 1968 3.
242 1925 335 1960 mai.
374 1937 417 1960 10
431 1937 512 1973 gr..
559 1926 686 1960 charta
703 1922 926 1972 scriptoria,
1410 1922 1453 1957 16
1471 1935 1527 1970 gr.

139 1979 270 2014 Publii
283 1981 371 2027 Syri
385 1981 516 2022 Mimi,
540 1980 759 2029 similesque
777 1979 983 2016 sententiae
1003 1977 1157 2013 selectae
1175 1977 1327 2025 epoetis
1347 1978 1529 2026 antiquis,

186 2031 356 2071 Latinis:
379 2037 522 2076 Livio.
553 2036 704 2076 Ennio,
731 2036 919 2074 Pacuvio,
943 2034 1099 2074 Plauto,
1126 2033 1315 2073 caecilio,
1343 2035 1530 2078 Varrone,

183 2090 370 2132 Laberio,
397 2093 579 2134 Afianio,
604 2091 780 2131 Catullo,
805 2089 1004 2131 Martiale,
1028 2091 1201 2130 Naevio,
1234 2090 1377 2131 Accio,
1413 2092 1529 2127 Luci·

182 2146 263 2188 lio,
300 2148 504 2189 Tere-tio,
541 2147 778 2197 Pomponio,
802 2146 1004 2186 Titinnio,
1027 2145 1190 2186 Publio,
1216 2148 1350 2189 Sexto,
1377 2149 1527 2189 Seneca,

178 2203 369 2241 Ausonio.
403 2205 450 2240 E.
470 2205 627 2242 MMSS.
648 2203 797 2239 duobus
816 2201 936 2238 additi
952 2214 1084 2237 versus
1101 2202 1186 2238 LX.
1218 2202 1393 2239 Graecis:
1415 2203 1529 2239 Euri·

180 2259 293 2309 pide,
319 2260 557 2302 Menandro,
571 2258 878 2310 “Theophrasto,
909 2258 1102 2299 Hesiodo,
1136 2257 1412 2307 Aristophane,
1445 2259 1529 2296 Cle—

181 2316 317 2358 anthe,
342 2317 536 2357 Homero,
564 2315 768 2365 Sophocle.
813 2314 1088 2363 lutei-pratibus
1106 2314 1314 2355 Cicerone,
1338 2316 1526 2357 Ausonio,

179 2372 464 2421 Porphyrione,
508 2375 666 2413 Seneca,
712 2371 886 2421 Agellio,
937 2381 975 2406 et
996 2370 1260 2418 Hieronymo;
1305 2384 1395 2420 quas
1428 2371 1526 2407 olim

178 2427 235 2463 D.
258 2429 437 2464 Erasmus
456 2428 730 2465 Roterodamus
758 2427 964 2476 delegerat,
997 2437 1036 2462 et
1061 2428 1336 2463 commentario
1354 2427 1529 2476 explana-

180 2493 308 2523 verat,
343 2496 538 2525 excussae,
572 2497 661 2520 cum
678 2484 755 2520 hoc
773 2482 1047 2520 commentario
1063 2483 1184 2518 editae
1201 2493 1313 2532 atque
1333 2484 1377 2518 in
1394 2496 1525 2520 versus

180 2539 418 2586 germanicos
437 2540 635 2577 translatae
653 2537 675 2576 ¹a
695 2542 730 2580 J.
747 2542 790 2577 F.
809 2539 1014 2574 Kremsier.
1047 2544 1083 2582 8.
1112 2544 1213 2585 ¹809·
1251 2552 1268 2572 1
1290 2538 1379 2574 thlr.
1404 2539 1449 2575 16
1466 2553 1523 2587 gr.

133 2590 282 2637 Raabe.
306 2595 732 2647 A.G.,1noe11›retatio
751 2596 888 2633 odarii
908 2593 1091 2645 Sapphiei
1108 2594 1152 2629 in
1169 2595 1366 2633 Venerem.
1423 2602 1524 2645 ¹794·

177 2656 214 2694 4.
1425 2661 1448 2686 2

0 2705 9 2753 ξ
131 2706 289 2749 Rei-ke,
322 2711 354 2745 1.
375 2711 429 2749 1..
460 2710 673 2758 Apparatus
693 2707 822 2744 critici
840 2707 886 2742 ad
905 2692 1218 2743 Demosthenem.
1264 2706 1400 2742 Acced.
1421 2665 1525 2742 1115}-

0 2757 6 2763 ’
178 2774 238 2800 ces
274 2777 434 2812 operum
474 2763 761 2800 Demosthenis.
824 2762 933 2803 Voll.
970 2763 1040 2802 IV.
1102 2767 1141 2806 8.
1177 2761 1269 2798 mai.
1343 2772 1387 2797 12
1418 2762 1522 2803 thlr.,

0 2793 12 2844 ἕ*
178 2818 306 2855 charta
323 2819 546 2869 scriptoria.
1366 2823 1411 2863 13
1432 2817 1520 2854 thlr.
