1846 3308
766 284 1141 327 ——192—

359 396 531 448 (Brunek
551 405 654 435 Anal.
677 406 715 434 Τ.
734 404 761 433 1.
784 412 817 441 p.
834 407 882 440 45.
907 401 952 432 fr.
971 403 1018 431 26.
1043 402 1165 431 Iacobs
1184 401 1225 430 V.
1246 401 1273 430 1.
1302 401 1338 430 P.
1361 400 1388 430 1.
1408 409 1443 439 p.
1463 400 1547 440 168.)

356 475 593 529 Hephaest.
622 487 665 526 p.
693 478 756 518 51.
784 467 933 525 τρίτον
965 465 1010 510 δέ
1031 467 1090 520 ἐςι
1112 465 1212 522 παρ’
1237 464 1502 522 Ἀρχιλόχῳ
1527 464 1652 508 &ouv-

258 552 448 610 ἁρτητον
480 548 528 609 ἐκ
558 544 832 589 δακτυλικοῦ
863 543 1215 602 πενθημιμεροῢς
1243 542 1316 586 καὶ
1347 542 1561 600 ίαμβικοῦ
1596 542 1652 585 δι-

257 629 423 688 μέτρου
454 622 793 680 ἂκαταλὴκτου.
848 621 997 667 Ἀλλά
1026 626 1073 680 μ’
1101 621 1123 665 ὁ
1154 620 1198 664 λ.
1233 613 1281 664 ὦ.
1314 620 1349 663 δ.
1381 622 1438 662 Π.

278 740 283 749 '
353 734 409 776 ‘O
448 727 774 787 λυσιμελὴς
803 751 858 760 -
885 727 1086 779 Πόθος.
1144 727 1296 777 Πόθος
1321 730 1438 770 idem
1465 730 1656 781 plerum-

257 832 344 873 que
367 818 442 871 qui
459 805 613 865 ”Eoum
640 808 831 862 Alciphr.
859 809 906 847 L.
924 808 956 847 Ι.
987 821 1055 860 ep.
1076 810 1114 851 8.
1143 800 1270 859 ἄριζοι
1296 805 1423 860 μόνος
1448 798 1559 847 οἶδεν
1591 803 1657 845 ἱπ-

256 889 482 948 πάζεσθαι
502 886 674 934 Πόθος,
704 900 834 940 quem
853 877 1142 938 ωοκ”Ερωτα
1171 887 1374 938 deinceps
1395 897 1534 927 vocat.
1587 888 1658 926 Sic

259 975 418 1015 Anacr.
448 968 520 1009 od.
547 973 612 1014 35.
640 962 790 1012 Πόθος
823 958 845 1002 ὁ
875 958 954 1015 μὲν
981 959 1234 1017 πτεροῦται,
1262 968 1289 1004 i.
1320 979 1357 1004 e.
1379 957 1534 1018 ’'Epwq.
1589 966 1655 1005 Cf.

198 1071 200 1077 ι
263 1044 489 1086 Eudociae
515 1038 632 1079 Viol.
661 1051 706 1091 p.
733 1043 818 1084 153.
846 1037 1078 1077 Pausanias
1107 1048 1254 1076 tamen
1279 1041 1326 1077 in
1352 1040 1501 1078 Atticis
1527 1054 1569 1092 p.
1591 1045 1656 1090 [μ.

264 1118 454 1157 diversos
475 1114 605 1153 fuisse
627 1122 670 1151 et
687 1113 804 1150 varia
822 1111 961 1149 forma
981 1111 1156 1163 aScopa
1179 1109 1342 1150 effictos
1362 1124 1452 1151 esse
1470 1112 1656 1151 indicat:

263 1189 429 1234 Σκόπα
471 1186 516 1230 δὲ
545 1184 687 1243 ’Έρως
726 1182 800 1227 καὶ
830 1180 1000 1242 Ἵμερος
1037 1182 1111 1226 καὶ
1150 1184 1298 1234 Πόθος
1334 1170 1426 1242 Ὶεῖδη
1465 1183 1658 1242 διάφορά

265 1268 325 1321 {gt
377 1263 498 1308 κατὰ
551 1257 699 1307 ταύτὰ
743 1263 835 1313 τοῖς
890 1262 1074 1321 ὀνόμασι
1125 1260 1199 1305 καὶ
1253 1261 1312 1304 τὰ
1358 1259 1466 1319 ἔργα
1517 1263 1659 1315 σφίσι.

263 1347 454 1399 Megaris
493 1356 643 1382 eorum
680 1344 803 1394 signa
834 1350 957 1380 erant
990 1344 1038 1380 in
1074 1340 1237 1393 templo
1264 1340 1461 1379 Veneris.
1522 1341 1609 1380 Sed
1636 1355 1662 1380 a

264 1418 492 1472 Meleagro
524 1429 605 1468 pro
642 1413 800 1453 eodem
826 1414 981 1453 Amore
1019 1413 1260 1462 habentur,
1304 1422 1561 1466 tantumque
1597 1414 1662 1453 di-

265 1505 384 1532 versa
415 1493 506 1530 eius
535 1491 714 1528 nomina
742 1496 867 1536 sunt,
894 1488 1040 1541 Epigr.
1066 1486 1180 1526 VIII.
1430 1474 1438 1478 “

321 1566 536 1623 Ἀρνεῖται
567 1563 645 1608 τὸν
669 1559 886 1619 ’Ἔρωτα
914 1562 1058 1605 τεκεῖν
1083 1559 1107 1618 ἣ
1139 1560 1327 1622 Κύπρις,
1366 1562 1518 1607 ι’δοῦσα

369 1637 543 1687 ’Ἃλλον
577 1642 620 1685 ἐν
650 1639 812 1698 ἣῖθέοις
833 1636 1058 1697 Ἵμερον
1086 1639 1337 1698 Ἀντίοχον.

326 1719 476 1764 Ἀλλὰ
506 1718 592 1764 νέοι
624 1718 820 1776 ςέργοιτε
855 1717 950 1762 νέον
981 1720 1199 1764 Πόθον·
1239 1711 1267 1776 ἧ
1297 1718 1383 1776 ’γὰρ
1414 1717 1437 1762 ὁ
1468 1718 1622 1778 κοῦρος

377 1796 563 1857 Εἴρηται
594 1799 803 1855 κρείσσων
836 1788 966 1848 οὖτος
995 1787 1238 1855 ''Equum-⁰3·
1268 1794 1422 1855 ”Ερως.

371 1901 700 1960 Λυσιμελῆς
748 1921 852 1948 vero
886 1907 1022 1947 Amor
1058 1910 1145 1946 iam
1181 1906 1234 1946 ab
1275 1907 1471 1948 Hesiodo
1511 1908 1667 1949 dicitur

267 1981 439 2037 Theog.
470 1995 554 2021 120.

325 2085 379 2094 —-
399 2057 550 2119 Ἔρος,
582 2056 627 2113 ὃς
659 2057 873 2113 κὰλλιςος
902 2059 944 2103 ἐν
975 2057 1238 2103 ἀθανάτοισι
1269 2058 1434 2109 θεοῖσιΔ

327 2138 656 2195 Λυσιμελὴς
684 2138 863 2181 πάντων
892 2154 941 2181 τε
978 2138 1097 2182 θεῶν
1134 2136 1314 2180 πάντων
1350 2137 1390 2179 τ’
1421 2133 1666 2191 ἂνθρώπων

327 2215 636 2272 Δάμναται
675 2216 720 2259 ἐν
749 2216 928 2273 ςὴθεσσι
959 2214 1057 2258 νόου
1089 2213 1164 2257 καὶ
1200 2214 1416 2273 ἐπίφρονα
1440 2212 1628 2268 βουλὴν.

273 2303 345 2341 Sic
380 2310 424 2342 et
456 2299 657 2354 Sappho,
714 2316 844 2355 quam
881 2304 981 2341 citat
1015 2302 1167 2341 Iacobs
1202 2303 1352 2356 fragm.
1381 2304 1436 2342 X.
1464 2292 1591 2352 ’Ἔρος
1634 2295 1668 2339 δ’

273 2366 386 2418 αὖτέ
416 2373 461 2431 μ’
492 2372 512 2416 ὁ
543 2372 786 2428 λυσιμελὴς
816 2373 940 2417 δονεῖ.
977 2380 1109 2431 Apud
1134 2379 1312 2418 Ho'mer.
1344 2390 1406 2418 est
1443 2377 1669 2430 epitheton

272 2455 588 2508 SomniOdyss.
610 2467 648 2493 υ.
666 2469 704 2494 ν.
716 2456 780 2504 56,
808 2457 871 2508 57.
893 2471 1023 2510 quem
1044 2455 1453 2510 sequiturMoschus
1475 2456 1599 2509 Idyll.
1618 2451 1668 2503 β.

275 2544 315 2570 ν.
344 2537 407 2577 23.
475 2527 607 2567 Ludit
642 2528 865 2582 eleganter
892 2532 939 2568 in
976 2528 1057 2568 hac
1090 2543 1198 2569 voce
1236 2531 1431 2584 Hedylus
1467 2532 1601 2583 epigr.
1629 2529 1668 2569 6.

329 2604 608 2663 Λυσιμελοῦς
634 2605 825 2664 Βάκχου
856 2606 929 2650 καὶ
961 2605 1228 2664 λυσιμελοῢς
1255 2608 1517 2668 ’Δφροδίτης

381 2685 602 2727 Γεννόὶται
628 2685 836 2744 θυγάτηρ
866 2684 1110 2751 λυσιμελὴς
1139 2684 1354 2745 ποδάγρα.

383 2761 705 2818 Δάμναται.
765 2767 856 2808 Iam
883 2769 989 2809 inde
1018 2768 1071 2809 ab
1101 2769 1294 2809 Homero
1324 2766 1409 2810 hoc
1440 2768 1620 2810 verbum
1645 2780 1672 2807 a
