1846 3308
666 382 734 392 -·—
803 372 868 400 111
938 381 1006 388 —

133 482 539 568 excerperent,
576 504 635 544 et
655 491 769 543 suis
798 491 1021 563 scriptis
1058 502 1336 560 tanquam
1366 508 1531 543 orna-

135 605 335 648 menta
355 590 448 645 vel
480 600 821 660 argumenta
852 590 1043 641 variae
1075 586 1418 661 prudentiae
1450 590 1534 641 in·

138 702 406 746 sererent.
488 687 622 762 Quo
658 685 878 739 factum
903 699 1014 753 est,
1058 699 1128 739 ut
1159 705 1283 738 non
1314 705 1533 760 paucae

136 808 327 862 neque
352 786 589 857 exiguae
612 784 885 856 reliquiae
918 786 1038 837 eius
1071 785 1392 836 carminum
1423 804 1532 838 ser·

137 898 441 952 varentur‚
506 882 605 937 sed
646 885 832 936 maior
875 885 1120 936 varietas
1164 895 1224 936 et
1255 902 1532 937 numerus

137 984 625 1058 fragmentorum,
700 1000 953 1054 quorum
1017 979 1203 1033 multa
1268 980 1536 1054 pluribus

138 1081 399 1139 versibus
461 1092 760 1147 constant,
842 1098 948 1153 per
1011 1098 1209 1132 omnes
1270 1092 1534 1135 auctores

141 1182 305 1256 quasi
358 1178 579 1246 disiecti
631 1176 893 1231 membra
953 1190 1164 1252 poetae
1226 1181 1534 1252 supersint,

139 1298 289 1354 quae
321 1277 559 1332 collecta
594 1290 654 1330 et
689 1274 908 1348 digesta
935 1295 1058 1328 non
1087 1277 1379 1347 integrum
1413 1278 1536 1349 qui-

142 1377 275 1432 dem
338 1395 548 1450 corpus
614 1371 902 1441 efficiunt,
968 1387 1226 1428 attamen
1288 1376 1537 1448 speciem

142 1475 604 1550 qualemcunque
646 1472 863 1544 ingenii
908 1484 968 1525 et
1012 1472 1275 1527 solertiae
1326 1486 1536 1547 poetae

77 1637 84 1641 ἢ
143 1573 445 1639 exhibent,
486 1572 550 1624 in
584 1589 700 1642 qua
722 1569 883 1642 quod
906 1569 1092 1637 deest,
1130 1572 1365 1644 copiosa
1383 1585 1539 1625 vete·

144 1692 277 1726 rum
309 1670 643 1725 testimonia
679 1668 976 1742 supplere,
1008 1682 1068 1723 et
1100 1681 1302 1722 nostro
1345 1671 1538 1722 animo

146 1768 336 1823 ideam
377 1766 690 1846 informare
736 1780 1013 1840 possunt,
1063 1767 1244 1840 qualis
1268 1780 1327 1821 et
1362 1787 1541 1840 quan-

146 1880 243 1921 tus
268 1865 362 1920 hic
384 1879 563 1940 poeta
586 1863 777 1918 fuerit.
849 1865 1113 1933 Accedit,
1158 1864 1317 1938 quod
1354 1885 1422 1919 ex
1455 1865 1544 1919 his

146 1966 313 2039 ipsiS,
370 1982 518 2036 quae
568 1974 790 2017 veteres
843 1962 915 2017 de
944 1963 1293 2018 Archilocho
1328 1981 1545 2016 memo·

149 2075 309 2129 rant,
339 2060 594 2115 multum
627 2062 802 2114 etiam
834 2061 1066 2116 luminis
1096 2061 1371 2134 historiae
1406 2080 1544 2135 poe-

152 2179 305 2228 seOS,
346 2159 686 2233 praesertim
708 2158 867 2230 quod
892 2158 964 2213 ad
983 2160 1282 2213 metricam
1317 2162 1544 2229 attinet,

154 2255 500 2324 affunditur,
565 2258 842 2329 quoniam
873 2257 919 2309 is
953 2258 1229 2312 inventor
1268 2258 1546 2333 plurimo-

153 2375 286 2409 rum
329 2375 609 2428 generum
650 2368 973 2409 metrorum
1018 2369 1077 2410 et
1119 2356 1380 2428 rhythmi
1417 2356 1546 2425 fuit,

154 2455 332 2507 immo
361 2455 548 2508 omnis
573 2473 778 2528 parens
798 2456 1048 2508 musicae
1078 2454 1150 2518 ab
1186 2458 1436 2528 antiquis
1470 2456 1549 2510 di-

158 2552 306 2605 citur
322 2550 396 2622 ¹¹¹).
482 2552 677 2627 Quare
718 2551 800 2606 Cl.
839 2553 1132 2607 Harlesius
1178 2555 1241 2606 in
1274 2554 1550 2608 Biblioth.

159 2650 355 2703 Graec.
401 2651 467 2703 T.
489 2651 558 2704 II.
600 2670 656 2725 p.
689 2671 822 2718 110,
889 2651 1031 2705 dum
1089 2651 1161 2705 de
1206 2652 1552 2708 Archilocho

157 2748 304 2819 agit,
378 2745 701 2820 fragmenta
753 2749 926 2804 huius
998 2763 1210 2824 poetae
1271 2751 1552 2824 imprimis

246 2879 284 2921 ‘)
311 2878 525 2915 Comment.
549 2881 583 2925 ὓ.
602 2882 709 2920 VIII.
734 2895 767 2918 e.
