1846 3308
783 297 867 312 -,-—--v
925 279 1019 328 158
1089 298 1156 308 ...-

264 407 548 468 χερῥόνησον-
622 412 722 451 Eius
761 411 936 451 incolae
978 411 1226 451 Maronitae
1265 410 1480 450 dicuntur.
1558 412 1668 452 Item

269 500 394 526 mons
415 484 643 532 Thraciae,
665 484 720 523 ad
742 498 872 536 quem
892 484 994 524 urbs
1014 485 1186 523 videtur
1202 487 1282 523 sita
1303 484 1458 529 fuisse;
1485 485 1604 525 unde
1627 495 1670 525 et

268 572 394 598 mons
426 567 469 596 et
495 557 597 596 urbs
623 560 725 597 vino
760 557 955 597 celebris.
1013 558 1165 611 Virgil.
1195 555 1356 609 Georg.
1385 558 1432 596 L.
1461 557 1514 596 ΙΙ.
1541 572 1580 597 ν.
1602 566 1666 610 57.

268 631 391 671 Iuvat
409 631 569 670 Ismara
585 629 755 669 Baccho
779 631 1035 669 Conserere.
1088 630 1252 668 Vinum
1282 627 1366 667 hoc
1393 633 1670 684 generosissi-

268 722 414 754 mum,
455 706 593 758 quod.r
616 706 669 745 ab
709 706 845 746 altero
885 706 1010 767 urbis!
1042 708 1217 745 nomine
1254 706 1384 759 etiam
1410 702 1668 760 Μαρώνειαν

272 782 435 821 dictum
455 790 541 829 est,
569 784 654 819 iam
682 782 897 821 Homerus
921 779 1112 819 celebrat
1134 779 1287 834 Odyss.
1312 793 1338 818 ι.
1366 795 1406 821 v.
1428 783 1512 834 196.
1534 797 1655 838 seqq.

404 878 460 887 —
488 877 546 885 —
571 876 628 886 ——
656 850 811 910 Αἴγεον
847 852 981 896 ἀσκὸν
1012 850 1131 909 ἔχων
1162 853 1353 909 μέλανος
1382 852 1532 899 οἴνοιο·

383 931 559 980 “Ηδέος,
587 927 636 974 ὅν
668 946 742 988 μοι
772 929 907 974 ἔδωκε
937 927 1113 987 Μάιριιυν4
1132 928 1356 981 Εὖανθέος
1386 931 1488 983 υἱὸς,

378 1007 506 1066 Ἱρεὺς
540 1007 851 1059 Ἀπόλλωνος.
893 1004 939 1059 ὃς
957 1004 1165 1065 Ἴσμαρον
1196 1008 1517 1067 ἀμφιβεβήκει.

268 1092 402 1132 Cuius
426 1091 514 1127 vini
535 1091 711 1138 virtutes
732 1088 882 1142 paullo
901 1098 1000 1140 post
1018 1091 1077 1127 sic
1099 1089 1303 1129 describit
1323 1104 1361 1130 v.
1385 1096 1473 1143 204.

381 1163 513 1211 Οἶνον
546 1166 929 1226 ἐν.ἂμφιφορεῢσι
960 1167 1156 1212 δυώδεκα
1184 1171 1316 1212 πᾶσιν
1347 1164 1551 1227 ἀφύσσας

376 1246 540 1298 “Ηδί)ν,
574 1245 834 1303 ἀκηράσιον,
864 1247 988 1290 θεῖον
1014 1246 1151 1290 ποτὸν
1182 1272 1237 1280 —
1264 1272 1320 1280 —
1347 1271 1405 1279 —

378 1326 470 1369 Τὸν
500 1324 533 1368 δ’
566 1321 643 1368 ὅτε
672 1324 834 1367 π’ίνοιεν
865 1322 1076 1381 μελιηδέα
1107 1319 1221 1368 οἶνον
1253 1321 1453 1382 ἐρυθρὸν,

374 1401 466 1450 ’Ἐν
485 1402 614 1453 δέπας
644 1400 895 1460 ἐμπλήσας,
936 1399 1093 1454 ὕδατος
1124 1400 1207 1445 ἀνὰ
1236 1400 1372 1447 εἴκοσι
1403 1400 1545 1459 μέτρα

381 1481 506 1525 Xsfi'·
540 1479 649 1538 ὀδμὴ
681 1480 714 1523 δ’
744 1478 865 1535 ἣδεῖα
894 1479 980 1522 ἀπὸ
1014 1482 1224 1539 κρητῆρος
1255 1479 1403 1524 ὀδώδει

380 1558 623 1614 Θεσπεσίη·
661 1558 755 1600 τότ’
783 1555 837 1600 ἂν
869 1553 992 1601 οὔπω
1023 1558 1309 1615 ἀποσχέσθαι
1341 1556 1480 1613 φίλον
1511 1548 1600 1613 ἦεν.

267 1642 400 1683 Unde
451 1641 614 1680 Plinius
655 1639 704 1678 L.
750 1642 809 1689 14.
841 1653 882 1694 jc·
912 1643 951 1691 4.
998 1640 1115 1679 Vino
1155 1642 1454 1691 antiquissimo
1503 1637 1671 1678 claritas

269 1716 488 1755 Maroneo
518 1715 566 1752 in
594 1710 806 1751 Thraciae
832 1715 1045 1752 maritima
1076 1721 1198 1764 parte
1231 1715 1406 1766 genito,
1441 1720 1491 1749 ut
1519 1720 1672 1749 auctor

272 1797 336 1827 est
368 1788 598 1826 Homerus.
626 1808 678 1815 —
708 1795 750 1824 et
769 1784 918 1836 paullo
941 1795 1061 1837 post:
1098 1786 1361 1824 Maroneum
1386 1786 1515 1822 vicies
1547 1792 1669 1821 tanto

271 1860 421 1899 addito
445 1871 586 1912 aquae
603 1855 889 1896 miscendum.
928 1858 1138 1897 Homerus
1156 1856 1367 1909 prodidit.
1401 1856 1545 1908 Atque
1568 1853 1668 1903 hoc,

271 1942 367 1970 utut
401 1930 601 1970 fabulosa
629 1929 764 1968 videri
798 1933 989 1982 possint,
1026 1931 1215 1969 Mutiani
1244 1939 1310 1968 ter
1345 1927 1555 1975 consulis,
1591 1928 1671 1980 qui

269 2014 392 2044 tanto
419 2015 616 2055 tempore
634 2012 732 2055 post
751 2015 817 2041 res
837 2003 1047 2042 Troianas
1069 2006 1117 2042 in
1136 2017 1186 2041 ea
1205 2005 1387 2056 regione
1408 2002 1513 2049 fuit,
1553 2003 1671 2039 testi·

268 2079 420 2115 moni-o
453 2075 755 2116 confirmatum
791 2089 883 2115 esse
921 2076 1080 2125 refert,
1127 2076 1320 2130 singulos
1345 2076 1548 2115 sextarios
1579 2074 1669 2112 vini

268 2159 435 2194 octonis
459 2168 597 2207 aquae
616 2157 798 2192 misceri.
828 2153 926 2192 Vid.
949 2163 992 2192 et
1010 2154 1159 2205 Eurip.
1179 2145 1325 2190 Κύκλ.
1345 2164 1384 2190 v.
1408 2156 1492 2202 141.

346 2227 493 2265 Simile
515 2226 615 2265 huic
637 2227 881 2280 fragmento
901 2224 1149 2265 Archilochi
1168 2235 1230 2264 est
1257 2224 1366 2263 illud
1396 2224 1565 2264 scolion
1578 2223 1669 2277 Hy-

267 2299 404 2347 briae,
427 2309 587 2351 poetae
601 2299 830 2346 Cretensis,
855 2298 973 2350 apud
990 2297 1262 2337 Athenaeum
1281 2298 1326 2335 L.
1340 2297 1435 2335 XV.
1456 2310 1499 2348 p.
1513 2296 1602 2346 695.
1623 2296 1666 2334 F.

269 2370 393 2426 quod
410 2370 463 2409 ab
485 2371 738 2409 Hermanno
761 2370 816 2410 de
834 2372 983 2409 Metris
1004 2371 1272 2410 Graecorum
1290 2373 1350 2408 sic
1371 2370 1666 2408 constituitur:

315 2442 415 2500 ’Ἐς-ι
448 2461 521 2503 μοι
553 2446 748 2499 πλοῦτος
776 2447 894 2505 μέγα
925 2446 1026 2505 δόρυ

323 2523 412 2567 Καὶ
433 2518 566 2579 ξίφος
594 2524 669 2566 καὶ
697 2523 748 2566 τὸ
782 2523 924 2566 καλὸν
949 2523 1174 2581 λαισήϊου,
1202 2523 1451 2582 πρόβλημα
1478 2521 1669 2581 χρωτός.

321 2601 483 2657 Τούτῳ
521 2602 607 2660 γὰρ
638 2601 754 2659 ἀρῶ,
793 2599 940 2658 τούτῳ
971 2602 1149 2661 θερίζω,

317 2679 479 2734 Τούτῳ
510 2679 662 2722 πατέω
694 2679 773 2723 τὸν
805 2677 912 2722 ἁδὺν
946 2676 1062 2723 οἶνον

318 2754 547 2814 ’Δμπέλω,
577 2756 724 2814 τούτῳ
747 2757 959 2810 δεσπότας
979 2757 1129 2814 μνοίας
1150 2758 1391 2817 κέκλημαι.
1413 2773 1456 2800 κ.
1477 2773 1518 2800 τ.
1539 2754 1586 2799 λ.
