1846 3308
818 267 1161 310 ..26-

385 408 408 431 o
421 399 437 442 )
470 396 508 431 Η
519 408 541 432 o
552 408 573 432 r
584 407 604 430 a
615 405 642 432 t.
675 396 691 431 i
704 409 729 430 n
762 409 782 432 a
793 409 813 432 r
823 406 866 432 te
898 410 923 445 p
937 410 958 433 o
969 409 988 433 e
999 407 1027 433 t.
1066 396 1343 432 Archilochum
1374 399 1534 447 proprio
1562 400 1683 436 rabies

293 464 456 501 armavit
474 463 680 501 iamboset
700 464 818 500 ovid.
836 465 879 500 in
895 464 957 503 lb.
977 477 1066 501 eum
1097 476 1328 515 repertorem
1356 465 1540 514 pugnacis
1561 467 1684 505 iambi

293 543 417 569 vocat.
436 532 517 569 vid.
538 529 571 578 δ.
589 533 638 571 V.
662 542 731 567 not
750 535 810 578 c).

381 603 432 650 p)
456 599 582 637 Lilius
601 600 755 648 Gya-ald.
775 600 820 636 de
837 602 1011 638 Historia
1027 612 1172 650 poetar.
1192 603 1425 639 Graecorum
1443 615 1482 651 p.
1494 602 1576 651 962.
1591 602 1683 639 vide

292 680 330 704 et
349 668 495 705 Fabric.
513 667 704 705 Biblioth.
726 669 855 706 Graec.
876 671 920 706 T.
942 673 993 711 ΙΙ.
1023 684 1063 719 p.
1087 677 1165 715 ²08·
1185 681 1222 706 et
1239 670 1298 706 ibi
1317 674 1398 706 no't.
1418 670 1583 706 Harlesii
1602 672 1682 716 ttt).

382 739 433 786 q)
469 737 720 775 Victoria.
757 750 794 786 Ρ.
823 744 928 782 2588.
970 741 1068 774 Item
1100 739 1268 775 iambico
1302 739 1478 774 trimetro
1510 751 1688 787 suprema:

291 805 452 840 detracta
478 804 621 853 syllaba
646 804 1009 853 hendecasyllabon‚
1040 819 1154 854 quem
1173 806 1328 854 quidem
1352 807 1510 843 miuron
1527 817 1681 846 vocant,

289 872 431 913 edidit,
466 883 526 908 ut:
563 875 700 910 Beatus
721 872 789 910 ille
806 873 875 923 qui
891 872 1028 923 procul
1043 875 1230 923 negotiis3
1257 875 1412 911 dehinc:
1450 876 1586 910 Beatus
1613 873 1687 910 ille-

290 942 361 990 qui
380 941 516 991 procul
535 942 712 990 quiescit.

379 1013 422 1056 r)
461 1012 498 1046 D
510 1010 560 1044 io
576 1023 615 1045 m
628 1010 735 1045 edes
768 1012 813 1049 L.
834 1012 904 1046 111.
929 1024 968 1059 p.
987 1018 1065 1055 507.
1100 1010 1289 1048 Iambicus
1318 1010 1478 1047 colobus
1505 1008 1683 1046 Archilo-

290 1078 400 1113 chius
420 1077 485 1112 hic
504 1077 548 1114 de
570 1091 663 1113 vero
683 1077 850 1114 iambico
870 1077 1012 1126 syllaba
1032 1090 1197 1115 extrema
1216 1078 1378 1115 detracta
1396 1078 1515 1114 factus
1535 1089 1602 1114 est.

380 1148 423 1193 s)
466 1146 613 1182 Diom
626 1159 645 1180 e
657 1144 694 1184 d.
735 1159 773 1194 Ρ.
803 1154 885 1188 510.
926 1146 1181 1183 Archilochus
1220 1157 1340 1183 metra
1381 1147 1594 1187 consecuit,
1637 1156 1682 1182 ut

288 1213 456 1249 iambico
486 1214 693 1250 detraheret
719 1213 902 1262 syllabam
939 1225 977 1250 et
1012 1214 1148 1251 faceret
1182 1228 1335 1251 versum
1365 1213 1494 1250 talem:
1531 1214 1681 1264 Iupiter?

287 1280 418 1318 salutis
439 1282 580 1318 arbiter
603 1294 720 1318 meae.
765 1282 886 1318 Tere
899 1282 1057 1321 ntian,
1090 1283 1142 1319 de
1175 1284 1347 1319 metris
1380 1296 1420 1332 Ρ.
1437 1287 1543 1326 2457.

506 1350 579 1386 Sed
607 1360 643 1385 et
668 1349 862 1385 trimetrus
885 1361 929 1386 ut
955 1350 1156 1399 quadratus
1180 1351 1246 1386 hic
1268 1360 1394 1400 potest

507 1419 540 1453 A
552 1430 571 1453 c
583 1431 601 1453 e
610 1431 634 1467 Ρ
645 1417 672 1452 11
683 1417 757 1454 alo
767 1431 783 1454 s
817 1431 893 1454 esse
903 1444 914 1459 ,
947 1418 1071 1467 prima
1094 1418 1246 1467 quando
1269 1417 1458 1459 demitur,

505 1486 685 1535 Fierique
706 1487 854 1536 primus
878 1500 943 1538 pes
971 1498 1014 1523 ut
1036 1487 1154 1523 isthic
1178 1486 1352 1525 creticus.

504 1622 761 1673 Archilochus
787 1623 890 1658 idem
915 1632 1005 1660 usus
1031 1633 1086 1660 est
1109 1622 1178 1663 tali
1199 1621 1337 1659 metro.

373 1691 415 1735 t)
444 1689 689 1738 Hephaestio.
707 1690 789 1727 vid.
809 1691 943 1740 fragm.
960 1691 1019 1736 36,

375 1759 428 1802 u)
462 1759 484 1792 S
497 1758 669 1794 ervius
702 1773 742 1807 p.
764 1765 863 1808 18¹9·
901 1761 992 1798 Arc
1006 1758 1113 1795 hilo
1126 1758 1295 1795 chium
1326 1770 1474 1796 constat
1501 1759 1677 1796 trimetro

287 1825 524 1866 catalectico,
557 1836 602 1862 ut
619 1837 673 1863 est
691 1826 785 1862 hoc:
820 1828 913 1864 Nox
930 1828 1069 1863 amoris
1088 1819 1125 1865 et
1143 1829 1282 1877 quietis
1303 1828 1466 1864 conscia.

373 1895 426 1942 v)
462 1893 669 1932 Victori
680 1908 717 1931 n.
750 1896 798 1933 L.
817 1897 885 1934 IV.
917 1909 958 1948 p.
979 1902 1085 1941 2583.
1128 1898 1283 1948 Iamque
1309 1897 1482 1932 trimetro
1513 1894 1673 1931 deuacta

283 1971 386 2008 parte
407 1961 537 2002 tertia,
565 1962 607 1996 id
625 1973 703 2002 est,
733 1962 910 2011 dipodia,
936 1963 1213 2010 (Archiloch.)
1239 1963 1446 1999 dimetrum
1464 1962 1674 1999 iambicum

282 2027 415 2064 edidit.
461 2029 556 2064 item
575 2030 622 2065 L.
641 2031 712 2070 ΠΙ.
738 2043 780 2079 Ρ.
794 2037 899 2080 2585,
1395 2029 1399 2031 ’

370 2097 421 2141 x)
455 2096 585 2132 Idem
614 2098 660 2135 L.
679 2099 750 2133 111.
775 2112 816 2148 p.
835 2105 941 2143 2585.
990 2101 1076 2146 Quo
1107 2100 1270 2135 dimetro
1308 2097 1530 2144 (iambico)
1556 2097 1672 2134 etiam

279 2162 534 2199 Archilochus
551 2176 702 2200 carmen
719 2167 938 2221 composuit
954 2166 997 2201 in
1013 2167 1231 2215 Lycamben
1249 2177 1285 2202 et
1303 2165 1412 2201 filias.

370 2233 422 2278 y)
469 2232 670 2268 Servius
701 2234 747 2271 L.
777 2234 827 2269 ΙΙ.
870 2248 909 2283 Ρ.
939 2240 1041 2286 1818.
1094 2232 1492 2270 Archilochium
1524 2242 1671 2269 constat

279 2296 443 2333 dimetro
484 2299 707 2342 acatalecto,
753 2311 798 2339 ut
835 2310 909 2338 est:
956 2302 1090 2339 Serena
1133 2302 1202 2340 lux
1241 2302 1359 2338 micat
1395 2299 1502 2352 pole.
1571 2301 1668 2334 Item

277 2364 425 2417 Plotius
449 2380 488 2415 p.
505 2367 610 2411 2647.

896 2600 938 2666 ξ.
984 2605 1044 2650 x.

375 2702 424 2751 5)
468 2699 713 2739 DImetrum
750 2698 1017 2740 trochaicum
1051 2699 1494 2755 brachycatalectum,
1543 2699 1682 2755 quod-

274 2771 375 2811 alias
398 2772 759 2827 Ithyphallicum‚
789 2786 814 2813 a
832 2772 1061 2814 Victorino
1084 2773 1361 2814 Phalaecium
1383 2775 1613 2826 dicitur.⁸)
