1846 3308
809 291 1011 339 -52

281 418 422 455 Pollux
438 429 484 453 ex
501 417 592 455 edit.
613 416 909 453 Hemsterhusii.

284 487 499 523 Priscianus
527 486 571 521 in
591 485 949 521 Praeexercitamen-

331 554 394 589 tis.

287 621 442 658 Proelus
462 622 505 656 in
527 619 752 656 Hesiodum.

287 711 334 718 —
366 710 409 718 —
443 690 488 724 in
514 686 819 724 Chrestomathia
852 685 952 735 apud

332 757 529 793 Photiurn.

287 824 491 862 Prosodiae
515 834 646 860 auctor
668 823 713 859 ab
730 824 951 858 Hermanno

335 906 422 928 cum
438 892 540 927 libro
559 892 604 928 de
622 891 849 927 emendanda
865 891 954 926 rati-

336 974 407 997 one

467 973 617 1009 graecae
686 960 952 1009 grammaticae

335 1028 472 1065 editus.

595 1099 650 1150 Q.

292 1161 548 1209 Quinctiliani
560 1163 621 1196 Ins
627 1161 729 1197 titut.
745 1160 954 1202 oratoriae.

291 1290 466 1327 Ruffinus
481 1292 581 1328 inter
595 1303 739 1328 veteres
750 1293 955 1331 Grammat.

336 1359 522 1397 Putschii.

294 1491 523 1528 Scholiastes
543 1432 738 1540 AesSchyli.

540 1559 775 1608 Aphthonii.

543 1627 748 1676 Apollonii
769 1626 927 1664 Rhodii.

542 1695 663 1730 Arati.

540 1762 818 1811 Aristophanis.

543 1831 756 1879 Euripidis.

442 1917 490 1926 —
542 1898 850 1947 Hephaestionis.

442 1986 490 1995 -
544 1967 812 2015 Hermogenis.

444 2055 492 2064 —
545 2035 720 2071 Hesiodi.

448 2122 496 2132 --·
550 2103 726 2140 Homeri.

449 2190 496 2198 —
549 2171 803 2210 aVilloison.
823 2170 930 2208 editi.

453 2258 498 2267 ·—
552 2239 719 2275 Horatii.

450 2326 497 2334 —
551 2306 749 2343 Nicandri.

448 2391 495 2401 -
549 2374 718 2409 Pindari.

453 2460 499 2469 —
555 2440 735 2478 Platonis,

554 2507 770 2557 Sophoclis.

331 2596 378 2607 -
456 2598 503 2606 -
558 2576 768 2613 Theocriti.

1084 309 1151 317 -α

1017 416 1151 451 Sextus
1170 413 1390 463 Empiricus
1411 413 1533 451 edent.
1551 413 1679 450 Fabri-

1063 483 1138 518 cio.

1019 550 1200 588 Siceliota
1226 551 1396 595 (Ioann.)
1418 549 1460 584 in
1480 548 1683 585 Commen-

1067 629 1133 655 tar.
1163 619 1244 654 MS.
1274 618 1317 652 in
1334 619 1564 665 Hermogen.
1593 626 1684 652 testo

1062 684 1326 723 Valckenario.

1020 752 1229 802 Stephanus
1269 754 1428 800 Byzant.
1471 751 1595 788 edent.
1638 750 1684 786 de

1065 820 1225 856 Pinedo.

1021 888 1203 925 stobaeus
1229 908 1273 915 -
1300 889 1498 930 Sermones
1526 900 1572 923 ex
1596 886 1687 923 edit.

1063 954 1231 997 Gesneti,
1241 954 1406 991 Basileae
1416 954 1514 1003 apud
1526 954 1687 1003 Oporin.

1021 1044 1068 1053 —
1093 1044 1138 1052 —-
1163 1022 1328 1072 Eclogae
1356 1022 1537 1070 Physieae
1564 1022 1686 1058 edent.

1067 1093 1228 1128 Heeren.

1025 1159 1175 1196 Strabo.

1025 1227 1174 1264 Suidas.

1026 1293 1223 1344 Syncellus
1242 1305 1288 1327 ex
1308 1291 1399 1327 edit.
1416 1291 1546 1330 Goari.

1026 1362 1207 1413 Synesius
1226 1361 1350 1398 edent.
1369 1360 1540 1397 Petavio.

1333 1433 1385 1472 T.

1029 1496 1209 1532 Tatianus
1226 1497 1328 1543 λόγῳ
1348 1496 1434 1543 πρὸς
1446 1491 1638 1541 Ἓλληνας.

1029 1564 1276 1600 Terentianus
1297 1564 1397 1599 inter
1407 1573 1550 1599 veteres
1561 1563 1692 1597 Gram-

1075 1632 1236 1667 maticos
1258 1631 1441 1668 Putschii.

1030 1695 1267 1736 Themistit'is
1286 1713 1332 1735 ex
1351 1699 1440 1736 edit.
1465 1696 1668 1734 Harduini.

1031 1767 1261 1814 Theocritus
1283 1768 1402 1803 edent.
1422 1767 1593 1803 Reiskio.

1031 1835 1167 1871 Theon
1195 1836 1238 1870 in
1266 1833 1628 1884 Progymnasmatis.

1032 1904 1272 1953 Theophilus
1291 1905 1376 1953 πρὸς
1397 1903 1630 1940 Αὐτόλυκον.-

1034 1973 1183 2007 Tzetzes
1196 1972 1240 2006 ad
1249 1971 1443 2021 Lycophr.
1457 1971 1544 2007 edit.
1555 1972 1696 2006 Potter.

1036 2060 1083 2068 -
1105 2060 1151 2068 -
1172 2040 1215 2074 in
1237 2039 1404 2076 chiliad.
1575 2033 1589 2050 ²

1340 2111 1394 2149 V.

1038 2173 1213 2212 Valerius
1238 2172 1443 2209 Maximus.

1038 2240 1174 2277 Vellei.
1195 2238 1421 2276 Paterculus.

1039 2310 1097 2345 M.
1142 2308 1368 2346 Victorinus
1413 2307 1516 2341 inter
1556 2315 1700 2342 veteres

1086 2377 1291 2412 Grammat.
1315 2374 1499 2410 Putschii.

1345 2448 1392 2485 Z.

1039 2509 1257 2550 Zenobius,
1291 2508 1411 2544 editio
1434 2508 1581 2544 Schott.
1609 2508 1702 2544 Ant-

1084 2590 1206 2626 Werp.
1254 2577 1354 2614 1612.
1400 2582 1434 2620 4.

443 2709 809 2748 Pseudarchilochus
832 2711 950 2746 Annii
968 2710 1236 2750 Viterbiensis.
