1846 3308
199 418 249 464 (f.
280 417 444 462 ἔντασιν)
472 418 532 453 καὶ
559 418 622 462 τὴν
655 417 978 464 παρακαταλογὴν.
1010 415 1069 450 καὶ
1100 415 1164 460 τὴν
1192 415 1272 464 περὶ
1301 419 1414 452 ταῦτα
1439 421 1593 464 κροῦσιν.

198 489 345 536 Πρώτῳ
364 488 400 523 δὲ
419 488 516 532 αὐτῷ
535 484 582 521 τά
599 499 638 520 τε
657 484 795 529 ἐπῳδὰ,
828 483 887 519 καὶ
915 484 961 518 τὰ
988 481 1231 532 τετράμετρα,
1264 483 1323 518 καὶ
1349 484 1389 519 τὸ
1416 498 1595 530 *quaean-

198 556 260 592 κᾶν
280 554 336 600 (f.
354 556 564 604 κρητικὸν).
593 553 652 588 καὶ
672 557 713 588 τὸ
730 553 962 601 προσοδιακὸν
980 551 1212 590 ἀποδέδοται,
1240 552 1300 586 καὶ
1322 553 1342 596 ἦ
1365 558 1427 588 τοῦ
1450 555 1592 602 πρῶτον

199 622 360 669 αὔξησις.
413 621 473 659 ὅτ’
500 622 596 658 ἐνίων
623 621 660 656 δὲ
687 620 746 655 καὶ
772 620 813 657 τὸ
838 620 1007 667 ἐλεγεῖον.
1061 619 1148 668 πρὸς
1176 619 1213 654 δὲ·
1243 618 1380 661 τούτοις
1413 616 1434 664 ἦ
1461 635 1500 656 τε
1528 624 1593 656 τοῦ

200 691 365 738 ἰαμβείου
388 691 474 739 πρὸς
498 691 560 727 τὸν
588 688 756 733 ἐπίβατον
783 689 920 724 παίωνα
954 687 1091 731 ἕνςασις
1118 685 1176 731 (f.
1199 685 1364 731 ἔντασις)
1392 688 1451 722 καὶ
1479 689 1499 732 ἡ
1528 693 1592 723 τοῦ

198 759 394 807 ηὖξομένου
415 758 530 804 ἥρῶου
549 755 595 799 εἷς
616 771 655 792 τε
674 756 733 791 τὸν
762 757 994 804 προσοδιακὸν
1015 756 1074 791 καὶ
1096 754 1155 790 τὸν
1174 752 1354 802 κρητικόν.
1400 754 1451 791 ἔτι
1470 755 1506 790 δὲ
1523 759 1592 790 τῶν

200 828 369 876 ἰαμβείων
392 826 434 862 τό
460 826 507 861 τὰ
527 825 591 867 μὲν
613 824 788 870 λέγεσθαι
815 825 911 868 παρὰ
937 825 1000 868 τὴν
1025 828 1164 869 κροῦσιν
1178 849 1188 862 ,
1221 825 1268 858 τὰ
1288 822 1325 860 3¹⁸
1343 820 1493 868 ᾅδεσθαι
1510 822 1592 871 Ἀρ·

198 897 358 946 χίλοχον
376 895 469 940 Φασὶ
487 892 714 933 καταδεῖξαι,
738 889 803 928 εἶθ’
823 888 916 928 οὕτω
933 893 1145 941 χρήσασθαι
1165 891 1246 932 τοὺς
1261 890 1467 938 τραγικούς.

287 962 331 1009 b)
346 965 502 998 Burette
512 962 727 997 Comment.
738 959 914 995 Academ.
925 959 1104 1008 Inscript.
1114 957 1311 994 parisiens.
1327 971 1365 1006 p.
1380 966 1445 991 112
1466 966 1503 991 et
1514 969 1590 1005 seq.

286 1032 335 1078 c)
363 1033 518 1067 Burette
536 1028 566 1066 1.
587 1041 619 1067 c.
641 1039 677 1064 et
694 1025 835 1063 Forkel
850 1027 895 1062 in
914 1027 1063 1062 Hister.
1083 1027 1141 1063 M.
1165 1025 1255 1064 Vol.
1274 1027 1307 1063 1.
1333 1038 1372 1074 p.
1388 1030 1469 1070 287.

784 1235 827 1301 ξ.
873 1239 1000 1284 xvr

295 1328 461 1368 Verum
490 1329 593 1368 dum
618 1337 785 1367 veteres
805 1322 1055 1364 Archilochi
1073 1326 1299 1378 ingenium
1332 1324 1592 1362 carminum-

197 1416 285 1456 que
305 1405 390 1440 vim
409 1412 452 1441 et
472 1402 749 1455 elegantiam,
772 1400 955 1450 eiusque
978 1397 1192 1437 solertiam
1213 1409 1484 1448 summopere
1499 1395 1595 1433 lau-

197 1475 304 1515 dant
322 1484 365 1514 et
388 1474 678 1522 admirantur,
718 1485 812 1512 non
844 1471 1116 1511 dissimulant
1145 1480 1314 1517 tamen,
1347 1482 1448 1508 eum
1469 1477 1591 1507 tanto

195 1551 348 1602 spiritu
373 1548 554 1602 dignum
578 1555 880 1599 argumentum
909 1558 1005 1583 non
1026 1543 1290 1598 elegisse,²)
1325 1551 1594 1594 poetamque

197 1626 382 1676 graviter
399 1630 544 1660 taxant
553 1620 624 1670 ,b)
659 1619 782 1672 quod
804 1622 895 1658 eius
923 1619 1112 1657 carmina
1141 1627 1232 1656 tum
1262 1618 1447 1656 nimium
1476 1627 1596 1652 acer-

196 1694 341 1734 bitatis
367 1698 479 1733 virus
506 1691 692 1739 habent,
732 1702 823 1730 tum
854 1693 983 1730 etiam
1013 1689 1137 1743 quod
1163 1689 1283 1744 leges
1302 1687 1594 1728 verecundiae

196 1781 351 1820 parum
379 1765 681 1816 servarunt,0)
718 1775 766 1803 ut
794 1764 906 1804 adeo
926 1762 1009 1802 hae
1038 1766 1160 1817 quasi
1179 1761 1374 1801 maculae
1392 1758 1596 1813 pulcher-

196 1842 315 1879 rimis
342 1843 433 1878 eius
455 1838 660 1891 operibus
689 1836 1112 1887 inhaerescerent.d)
1166 1835 1314 1887 Quare
1336 1833 1596 1886 Quinctilia-

196 1925 279 1951 nus
298 1911 541 1964 iudicat,e)
569 1915 606 1951 si
628 1924 851 1964 quoquam
870 1913 1016 1949 minor
1036 1919 1123 1956 est,
1153 1910 1386 1955 materiae,
1416 1920 1510 1946 non
1528 1909 1595 1945 in.-

197 1987 316 2038 genii
345 1999 437 2024 esse
464 1988 626 2024 vitium.
699 1983 826 2022 Hanc
852 1985 943 2022 eius
970 1980 1319 2021 maledicentiam
1353 1989 1397 2018 et
1424 1981 1594 2017 invere-

199 2058 403 2098 cundiam
423 2073 473 2098 ex
489 2057 635 2097 multis
652 2066 845 2095 veterum
866 2055 973 2095 locis
982 2082 998 2103 ,
1027 2056 1105 2107 qui
1130 2067 1230 2092 eum
1249 2050 1592 2104 reprehendunt,

198 2145 465 2185 cognoscere
482 2131 608 2178 licet,
621 2129 662 2181 f)
693 2131 885 2182 quamvis
912 2127 1031 2167 illam
1048 2126 1136 2165 Dio
1156 2124 1374 2180 Chrysos‘t.
1391 2137 1592 2164 excusare

196 2203 393 2243 videatur
402 2205 472 2255 ,g)
500 2202 613 2242 hanc
641 2215 744 2241 vero
770 2200 1091 2252 Quinctilianus
1122 2201 1170 2238 in
1196 2197 1519 2253 iambographis
1549 2207 1590 2236 et

195 2280 350 2317 veteris
387 2276 641 2317 comoediae
675 2272 954 2327 scriptorIbus
992 2275 1121 2312 etiam
1157 2271 1326 2316 laudari
1363 2271 1536 2312 scribat.
1550 2271 1589 2323 h)

197 2348 484 2388 virulentiam
508 2351 599 2388 eius
617 2351 716 2388 satis
735 2347 926 2387 ostendit
942 2346 1188 2398 desperatio
1206 2344 1452 2399 Lycambae
1479 2348 1592 2386 eius-

201 2434 287 2474 que
303 2420 503 2471 filiarum,
516 2422 558 2475 i)
575 2421 629 2462 ob
649 2433 834 2473 eamque
856 2433 1029 2459 causam
1047 2420 1197 2458 detus
1214 2418 1375 2471 Empir.
1391 2417 1592 2458 Archilo-

199 2496 326 2538 chum
349 2509 394 2540 et
414 2500 735 2553 Hipponactem
755 2492 969 2544 ἂλείπτας
988 2492 1080 2536 τῶν
1103 2490 1295 2548 ὀργίλων
1306 2496 1357 2547 k)
1380 2506 1422 2536 et
1440 2496 1591 2535 Eusta-

199 2575 311 2616 thius
337 2571 415 2616 τὸν
434 2572 681 2632 σκορπιῶδη
698 2570 976 2630 ’Δρχὶλοχον
1002 2575 1190 2627 vocat.¹)
1242 2574 1310 2614 Ab
1339 2578 1429 2613 eius
1456 2572 1590 2611 male-

200 2649 389 2689 dicentia
407 2654 535 2691 etiam
551 2650 781 2704 proverbia
806 2640 1022 2704 quaedam
1039 2652 1086 2689 in
1104 2647 1340 2689 maledicos
1361 2655 1514 2693 sumta,
1528 2646 1587 2697 ιιι)

200 2732 244 2762 et
272 2723 528 2763 comoediae
559 2728 650 2764 eius
678 2727 885 2772 nomine,
921 2726 969 2763 in
1001 2721 1158 2776 quibus
1188 2721 1500 2759 conviciatores
1527 2720 1588 2757 vi·

200 2795 358 2835 dentur
383 2796 550 2835 inducti
582 2811 699 2840 esse,
738 2812 760 2836 a
783 2797 960 2835 Cratino
994 2804 1039 2833 et
1069 2793 1123 2833 ab
1146 2791 1325 2832 Alexide
1354 2792 1588 2842 inscriptae
