1846 3308
293 390 388 427 σάων
418 388 621 437 θεράποντα
649 387 860 436 προσεῖπεν.
903 386 983 424 ἀλλ’
1018 387 1083 424 οὐκ
1115 387 1311 434 ἀνθρώπων
1345 386 1503 425 διάκονον
1532 388 1682 433 οὐδενός.

291 457 393 496 Vide
426 455 627 492 Suidam
666 467 706 491 v-
738 453 1049 504 Ἀρχίλοχος,
1094 455 1163 504 qui
1195 467 1260 491 sua
1289 467 1336 490 ex
1361 453 1422 490 his
1449 457 1680 500 auctoribus,

291 525 580 576 praesertim-ex
590 523 805 564 Plutarcho,
823 522 976 571 petiisse
994 522 1160 558 videtur.
1185 523 1244 559 Cf.
1263 522 1379 558 etiam
1398 535 1509 571 supra
1524 524 1682 573 Origen.

292 606 424 631 contra
448 592 600 630 Celsum
619 592 652 637 §.
671 592 776 629 XVI.
795 592 832 633 c)
851 600 887 625 et
903 585 1024 627 Dion.
1046 590 1184 640 Chrys.
1206 592 1238 637 ὗ.
1259 592 1365 629 VIII.
1386 592 1439 636 e).
1486 590 1682 628 Plinius

292 664 340 700 L.
359 663 445 700 VII.
477 673 510 697 c.
529 670 586 708 29.
624 671 652 695 5.
674 667 731 702 50.
763 657 990 695 Archilochi
1007 668 1138 707 poetae
1160 658 1419 695 interfectores
1449 658 1550 708 (leg.
1569 660 1684 696 inter·

292 730 501 772 sectorem)
525 725 668 775 Apollo
690 726 816 774 arguit
833 724 1011 774 Delphis.
1041 746 1085 754 —
1115 727 1166 765 Et
1188 740 1235 762 ex
1257 726 1332 762 hoc
1356 725 1562 764 Solinus
1587 728 1628 763 C·
1651 731 1683 765 1.

291 813 329 848 p.
351 812 385 848 9.
419 800 657 833 Percussores
675 793 903 832 Archilochi
922 804 1053 842 poetae
1071 794 1212 844 Apollo
1238 795 1414 845 prodidit
1434 804 1472 829 et
1490 793 1684 831 latronum

292 867 438 904 facinus
458 865 529 900 deo
556 872 782 911 coarguente
801 861 1004 899 detectum.

385 936 507 972 Notat
537 930 690 967 Salmas.
717 928 884 966 Exercit.
912 928 1075 967 Plinian.
1101 942 1143 978 p.
1170 936 1227 975 58.
1254 929 1320 966 hic
1347 940 1384 966 et
1412 931 1456 966 in
1481 930 1609 967 Plinio
1637 943 1685 967 ex

291 1002 533 1039 eruditorum
569 999 754 1035 sententia
786 998 916 1047 potius
950 998 1330 1034 interfectorem
1363 1008 1402 1033 et
1431 1012 1686 1049 percusso-

291 1085 390 1107 rem
415 1068 618 1118 legendum
637 1079 733 1108 esse;
767 1065 883 1102 verba
900 1065 1027 1101 Solini
1045 1078 1138 1101 vero
1157 1078 1236 1100 non
1254 1075 1330 1101 tam
1347 1065 1425 1103 fato
1444 1067 1683 1110 Archilochi,

292 1152 407 1189 quam
424 1148 556 1187 poetae
582 1136 693 1184 Ibyci
714 1134 933 1171 convenire.
988 1133 1058 1169 Sed
1078 1132 1168 1169 talia
1186 1143 1336 1183 peccata
1357 1134 1400 1169 in
1421 1134 1555 1171 Solino
1575 1135 1685 1184 plura

293 1220 487 1244 occurrere
513 1215 650 1241 notum
678 1213 746 1240 est.
807 1200 992 1250 Exempla
1021 1201 1209 1243 aliorum,
1244 1214 1341 1251 quos
1369 1201 1506 1249 Pythia
1537 1203 1684 1252 insigni

291 1277 427 1313 scelere
453 1272 728 1310 contaminatos
753 1283 801 1306 ex
827 1270 970 1319 templo
1000 1270 1103 1306 exire
1129 1269 1262 1312 iussit,
1292 1269 1383 1305 vide
1413 1269 1514 1319 apud
1535 1269 1684 1309 Aelian.

291 1345 341 1384 V.
360 1345 412 1382 H.
444 1344 490 1378 L.
513 1344 583 1377 111.
619 1340 663 1376 C.
684 1345 747 1383 45,
779 1343 838 1382 44.

381 1411 434 1457 h)
467 1410 558 1448 Vid.
579 1418 660 1443 not.
681 1419 714 1444 e.
762 1409 859 1443 Item
882 1407 1031 1456 Orphei
1050 1407 1262 1455 Argonaut.
1279 1420 1319 1444 v.
1343 1411 1400 1452 4¹·
1423 1416 1461 1443 et
1477 1405 1537 1442 ibi
1554 1416 1685 1442 notam

291 1477 583 1515 Eschenbachii.
605 1475 789 1525 Apollon.
811 1474 938 1511 Rhod.
963 1476 1010 1511 L.
1029 1478 1061 1512 1.
1087 1487 1165 1513 101.

381 1547 426 1592 i)
458 1545 559 1586 Vide
577 1545 800 1594 epigramm.
819 1555 867 1579 ex
881 1542 1043 1580 Anthol.
1058 1544 1109 1583 V.

880 1798 922 1864 ξ.
967 1802 1096 1846 X1x.

391 1899 558 1950 Scripta
588 1896 864 1948 Archilochi,
900 1899 948 1936 in
978 1895 1134 1950 quibus
1162 1897 1398 1947 praecipue
1424 1897 1567 1933 ionica
1595 1893 1684 1932 dia-

290 1970 404 2013 lecto
428 1984 527 2010 usus
547 1981 632 2019 est,
645 1972 686 2022 a)
715 1973 943 2024 sequentia
960 1969 1014 2009 ab
1035 1968 1281 2008 auctoribus
1301 1976 1619 2008 memorantur:

396 2046 432 2096 1)
460 2034 597 2084 Iambi
617 2047 704 2084 sive
727 2046 908 2083 trimetri
926 2032 1113 2082 iambici.
1128 2042 1177 2093 b)

392 2118 430 2168 2)
458 2117 717 2155 Tetramet’ri
737 2118 865 2165 varii,
894 2126 942 2155 ut
960 2115 1153 2161 videtur,
1182 2114 1422 2168 generis.c)

390 2192 429 2241 3)
459 2190 648 2244 Elegiae.
661 2189 704 2239 d)

389 2263 429 2312 4)
457 2261 614 2313 Epodi.
633 2263 674 2313 e)

394 2335 433 2385 5)
462 2334 658 2387 Hymnus
679 2337 726 2373 in
738 2331 999 2374 Herculemf
1010 2334 1024 2384 )
1054 2341 1096 2371 et
1114 2331 1229 2372 forte
1252 2334 1381 2372 etiam
1401 2333 1448 2370 in
1465 2330 1682 2377 Cererem,

293 2419 382 2460 quo
401 2409 448 2445 in
466 2406 576 2445 Paro
595 2408 766 2459 vicine)
1016 2394 1018 2397 ¹

390 2478 431 2531 6)
458 2477 675 2518 Iobacchi.
689 2479 736 2530 h)

390 2552 431 2603 7)
457 2551 843 2606 Epigrammata.i)

391 2624 574 2664 Fabulas
602 2634 770 2673 autem,
808 2639 990 2678 quarum
1008 2639 1137 2679 saepe
1159 2625 1324 2663 mentio
1347 2622 1464 2674 apud
1486 2631 1684 2661 auctores

289 2696 360 2744 fit,
388 2696 671 2739 Archilochus
691 2708 740 2737 ut
756 2701 980 2750 proprium
1007 2712 1116 2750 opus
1146 2710 1239 2737 non
1265 2699 1456 2747 scripsit,
1500 2694 1578 2734 sed
1613 2706 1685 2734 eas

290 2779 457 2810 tantum
491 2781 667 2811 ornatus
700 2781 742 2810 et
777 2771 1078 2811 delectationis
1118 2783 1246 2809 causa
1283 2767 1542 2808 carminibus
1573 2770 1686 2806 inte-
