1846 3308
185 735 242 792 E
342 733 404 790 L
511 729 567 787 E
690 728 748 785 G
857 729 886 784 Ι
1000 729 1056 784 Α
1160 727 1222 783 R
1332 728 1394 786 U
1502 732 1578 786 M

486 832 1267 880 FRAGMENTA.

766 1073 983 1118 XLVIII.

184 1153 374 1235 Κὴδεα
409 1171 496 1238 μὲν
530 1172 787 1235 ςὀνόεντα,
834 1171 1120 1240 Περίκλεες,
1170 1168 1295 1220 οὐδέ
1324 1184 1398 1229 τις
1433 1167 1572 1232 ἇςῶν

250 1267 582 1329 Μεμνόμενος
614 1261 800 1324 θαλίης
835 1257 1121 1333 τέρψεται,
1169 1258 1295 1310 οὐδὲ
1327 1262 1519 1320 πότοις.

182 1356 372 1414 Τοίους
398 1353 501 1423 γὰρ
524 1348 664 1403 κατὰ
684 1352 825 1415 κῦμα
846 1351 1277 1417 πολυφλοίσβοιο
1297 1349 1574 1413 ,θαλάσσης

240 1445 517 1495 Ἕκλυσεν·
562 1441 833 1501 οἰδαλέους
869 1441 913 1490 δ’
950 1439 1084 1506 ἀμφ’
1119 1439 1274 1505 ὀδύνη
1310 1439 1504 1505 ἔχομεν

182 1534 504 1598 Πνεύμονας·
553 1530 692 1581 ἀλλὰ
722 1530 839 1581 ,9εοῖ
871 1531 976 1603 γὰρ
1006 1529 1288 1594 ἁνηκέςοισι
1321 1527 1575 1591 κακοῖσιν,

245 1623 316 1674 ῗΩ
353 1624 489 1688 φίλ’,
537 1621 615 1673 ἐπὶ
649 1620 900 1693 κρατερὴν
936 1621 1257 1685 τλημοσὺνην
1295 1619 1482 1670 ἔθεσαν

185 1712 482 1784 Φάρμακον.
522 1712 718 1762 ἄλλοτε
755 1712 799 1760 δ’
833 1711 995 1772 ἄλλος
1030 1710 1141 1777 ἔχει
1177 1709 1329 1762 τάδε·
1363 1710 1448 1761 νῦν
1484 1709 1575 1776 μὲν

1013 1799 1060 1861 ἐς
1094 1799 1251 1866 ἡμέας

252 1891 548 1964 Ἐτρᾶπε9’,
596 1890 838 1956 αἱματόεν
874 1891 917 1940 δ’
954 1886 1101 1951 ἕλκος
1134 1889 1452 1956 ἀναςένομεν.

183 1977 419 2042 Ἐξαῡτις
450 1983 494 2032 δ’
524 1980 733 2050 ἑτέρους
767 1978 1135 2048 ἓπαμείψεται·
1176 1979 1318 2031 ἀλλὰ
1351 1979 1554 2046 τάχιςα

253 2071 423 2135 Τλῆτε
453 2070 746 2141 γυναικεῖον·
771 2073 954 2131 πένθος
986 2069 1335 2136 ἀπωσάμενοι.

396 2262 400 2264 ἡ
703 2205 867 2245 versio
895 2204 1050 2244 Grotii.

189 2281 286 2346 Qui
306 2280 538 2340 nimium,
570 2280 798 2338 Pericles,
830 2296 1023 2344 semper
1041 2281 1311 2329 meminere
1329 2280 1577 2339 laborum,

255 2375 376 2418 Non
407 2372 500 2418 hos
535 2372 714 2418 hausta
748 2370 927 2418 iuvant
960 2372 1165 2434 pocula,
1213 2389 1323 2420 non
1355 2372 1545 2435 epulae.
1590 2400 1591 2403 =

190 2461 311 2508 Illos
343 2461 576 2524 aequorei
608 2471 891 2509 merserunt
923 2461 1135 2526 gurgitis
1168 2463 1361 2510 undae:

260 2554 328 2596 At
360 2549 519 2600 nimio
554 2552 704 2600 nobis
738 2551 915 2614 pulmo
952 2551 1127 2600 dolore
1160 2564 1351 2600 tumet„

193 2644 304 2687 Una
340 2639 453 2686 data
485 2653 559 2689 est
594 2642 830 2706 supersun
864 2642 1001 2690 dono
1034 2642 1281 2690 medicina
1315 2641 1581 2697 malorum,

264 2729 458 2777 Scilicet
488 2730 663 2779 invicti
698 2733 904 2780 durities
942 2733 1109 2780 animi.
