1846 3308
791 294 878 313 --*
932 293 1025 335 172
1097 302 1162 313 —-

277 420 343 451 ter
363 407 597 463 dactylicus
629 408 912 449 catalecticus.
967 410 1081 449 Hinc
1108 410 1163 450 ad
1194 411 1361 463 epodos
1395 412 1538 451 retuli.
1594 413 1672 452 Al·

277 482 459 535 ciphron
480 482 527 520 L.
549 481 602 520 II.
629 496 696 535 ep.
723 496 756 521 1.
774 497 818 535 p.
838 497 900 535 71.
922 483 978 523 ad
1003 486 1183 523 amicam
1207 483 1424 532 scribens,
1453 498 1583 537 quam
1613 485 1670 526 ad

278 569 469 595 amorem
492 553 687 594 hortatur
703 557 893 604 iuvenis,
921 555 1038 595 hunc
1057 556 1202 596 locum
1223 557 1393 596 videtur
1418 561 1668 609 respexisse,

274 645 322 673 ut
353 637 482 672 etiam
510 632 662 672 Iacobs
683 643 856 673 monet:
904 627 956 672 σὺ
997 628 1041 672 δὲ
1082 628 1279 684 ὀφθεῖσα
1320 628 1504 687 φλέγεις
1530 653 1589 662 -—
1615 653 1670 663 —

273 708 421 765 φέρεις
440 706 519 765 μὲν
543 706 652 764 πῦρ,
686 704 801 763 ἔχεις
826 706 871 749 δὲ
895 704 1022 766 ὕδωρ.
1054 708 1133 760 τὴν
1160 708 1237 763 σὴν
1264 701 1377 764 αὐτὴ
1401 705 1560 763 φλόγα
1593 723 1668 750 κα·

273 786 492 838 τάσβεσον
518 784 618 841 πρὸς
640 784 811 844 βραχύ.
873 790 1033 830 Erasm.
1064 793 1178 830 inter
1203 790 1399 842 proverb.
1430 793 1596 842 recepit
1626 799 1670 829 et

274 863 455 914 explicat
475 860 583 901 Chil.
605 863 678 900 IV.
709 872 821 901 cent.
839 862 912 901 IV.
942 876 984 916 p.
1003 867 1065 914 74,
1118 863 1266 903 Simile
1298 873 1362 902 est
1389 862 1499 902 illud
1527 862 1668 902 Plauti

274 935 328 975 de
357 935 626 988 Megadoro,
672 937 746 987 qui
772 935 968 974 Euclioni
1002 946 1303 988 paupertatem
1337 935 1555 976 simulanti
1592 934 1671 975 be-

271 1012 405 1063 nigne
430 1009 649 1062 loquitur,
677 1008 824 1048 Aulul.
844 1008 938 1048 Act.
958 1008 1011 1048 ΙΙ.
1040 1010 1106 1047 Sc.
1128 1009 1179 1048 ΙΙ.
1203 1022 1262 1061 17.

321 1083 450 1121 Nunc
467 1085 599 1135 petit,
628 1094 761 1135 quum
787 1081 1041 1134 pollicetur,
1068 1081 1208 1121 inhiat
1227 1096 1376 1121 aurum
1395 1092 1444 1121 ut
1462 1082 1664 1128 devoret3

321 1155 467 1194 Altera
495 1165 628 1193 manu
659 1155 741 1193 fert
767 1154 982 1207 lapidem,
1018 1169 1177 1209 panem
1205 1155 1396 1195 ostendit
1422 1156 1568 1195 altera.

271 1229 327 1268 At
358 1242 486 1281 quam
519 1226 749 1280 magnifice
785 1228 912 1268 simili
945 1228 1133 1280 quadam
1162 1230 1379 1281 imagine,
1423 1228 1501 1267 sed
1531 1243 1667 1283 augu-

270 1304 387 1340 stiori
400 1329 413 1349 ,
441 1315 532 1340 rem
559 1312 689 1356 auget
709 1303 923 1342 Homerus
955 1301 1171 1341 Iunonem
1191 1305 1406 1341 iurantem
1433 1301 1662 1350 inducens,

270 1377 316 1416 11.
343 1369 384 1424 ξ.
414 1393 452 1417 ν.
473 1391 561 1430 272.

382 1451 498 1509 Χειρὶ
530 1447 574 1495 δὲ
604 1453 661 1509 τῆ
690 1452 813 1510 ἑτέρη
841 1453 921 1510 μὲν
950 1451 1026 1497 ἕλε
1051 1452 1206 1510 χθόνα
1234 1451 1606 1511 πουλυβότειραν,

380 1530 451 1586 Τῆ
480 1529 513 1572 δ’
543 1529 667 1588 ἑτέρη
699 1527 792 1574 ἅλα
821 1530 1092 1590 μαρμαρέην.

893 1733 1067 1777 LXIII.

370 1819 550 1892 Πάτερ
586 1816 876 1881 Λυκάμβα,
927 1817 1072 1868 ποῖον
1115 1815 1343 1889 ἐφράσω
1381 1818 1528 1878 τόδες

575 1909 663 1968 Τίς
699 1908 794 1968 σὰς
830 1908 1069 1980 παρὴειρε
1106 1910 1298 1980 φρένας
1310 1926 1326 1968 ;

370 2081 514 2125 Pater
544 2074 816 2138 Lycamba,
863 2075 1009 2138 quale
1042 2075 1254 2123 verbum
1289 2072 1466 2123 effatus
1501 2074 1590 2123 es?

575 2167 697 2231 Quis
731 2165 934 2213 obtudit
969 2177 1192 2213 mentem
1223 2164 1400 2212 tuam?

367 2330 634 2385 Hephaestio
665 2348 707 2386 p.
727 2347 790 2385 70.
844 2327 941 2370 Εἰσὶ
976 2327 1021 2370 δὲ
1052 2327 1094 2371 ἐν
1128 2327 1220 2376 τοῖς
1252 2325 1463 2385 ποιῆμασι
1505 2327 1579 2370 καὶ
1620 2327 1661 2371 οἱ

266 2405 497 2465 ἆῤῥενικῶς
520 2403 638 2448 οὕτω
668 2399 936 2461 καλούμενοι
965 2400 1146 2460 iwani,
1185 2402 1294 2448 ὅταν
1325 2404 1512 2462 μεγάλῳ
1542 2407 1658 2465 ςίχῳ

264 2483 470 2541 περιττόν
490 2498 533 2525 τι
555 2480 841 2542 ἐπιφέρηται,
871 2479 961 2526 οἷον
977 2497 988 2509 ·
1016 2482 1166 2539 Πάτερ
1190 2484 1300 2526 Λυκ.
1323 2499 1366 2526 κ.
1388 2499 1428 2527 τ.
1450 2483 1496 2529 λ.

365 2561 469 2600 Esse
486 2558 570 2600 hoc
587 2561 875 2613 fragmentum
892 2558 1139 2600 Archilochi
1160 2562 1362 2614 epodon,
1390 2564 1475 2601 iam
1493 2557 1659 2603 nomen

267 2633 511 2689 Lycambae
546 2633 734 2680 indicat,
780 2642 871 2671 tum
910 2636 1038 2672 etiam
1074 2634 1294 2675 confirmat
1318 2636 1565 2675 Demetrius
1603 2635 1659 2676 de

266 2707 528 2748 Elocutione
551 2706 598 2747 C.
616 2711 653 2752 5.
686 2709 761 2760 qui
791 2705 973 2752 alterum
1003 2721 1170 2747 versum
1196 2711 1330 2748 citans
1350 2706 1658 2749 Archilochum

268 2783 479 2820 nominat.
