1846 3308
745 282 1044 313 ...v—

186 414 290 457 aut
328 384 559 477 praeter
595 403 866 475 exiguum
909 416 1213 474 quaestum
1252 402 1388 458 inde
1423 404 1580 460 rede-

183 514 388 555 untem
422 503 596 555 etiam
631 498 707 553 ob
742 498 1116 561 inconditum
1142 500 1367 556 dicendi
1398 523 1577 577 genus

182 598 374 653 taedio
397 598 569 673 plena
591 610 741 665 erat,
777 598 991 654 indices
1018 618 1112 652 me
1138 599 1489 654 consuluisse
1518 616 1578 657 et

179 697 315 751 inde
335 697 691 770 excerpsisse,
712 716 860 769 quae
879 699 940 751 in
958 716 1079 751 rem
1098 717 1286 751 meam
1304 695 1573 754 facerent.

178 796 317 850 Non
359 794 598 849 deerant
629 793 864 866 quidem
900 797 1008 848 viri
1045 795 1225 864 docti,
1287 797 1390 869 qui
1421 796 1573 850 colli-

176 891 372 966 gendis
411 878 744 948 Archilochi
787 891 1120 966 fragmentis
1168 895 1285 946 iam
1335 912 1572 968 operam

175 990 428 1063 aliquam
461 992 758 1058 navarint3
807 1011 1012 1045 verum
1048 1011 1081 1045 a
1112 993 1342 1044 nemine
1380 991 1572 1047 adhuc

171 1091 424 1163 integra,
463 1109 571 1143 nec
597 1108 856 1143 seorsum
875 1091 938 1143 in
968 1088 1158 1144 lucem
1191 1091 1420 1157 emissa,
1469 1091 1570 1144 sed

170 1189 393 1241 maiora
440 1200 701 1254 tantum,
751 1207 817 1242 ac
850 1208 958 1242 nec
989 1208 1056 1242 ea
1087 1187 1322 1261 quidem
1355 1190 1567 1257 omnia,

171 1285 492 1340 minoribus
529 1287 972 1359 praetermissis,
1014 1285 1250 1342 collecta
1285 1300 1448 1354 sunt,
1482 1288 1568 1341 ita

170 1397 240 1438 ut
262 1374 584 1460 preventus
614 1384 909 1437 variorum
936 1381 1397 1457 fragmentorum
1433 1386 1566 1440 satis

165 1501 408 1556 magnus
443 1480 633 1536 adhuc
675 1495 986 1555 superaret.

322 1581 609 1636 Universa
654 1581 857 1652 igitur,
920 1599 1068 1654 quae
1114 1599 1183 1633 ex
1230 1579 1564 1635 auctoribus

169 1697 368 1732 eruere
389 1680 587 1754 potui,
626 1679 836 1732 corrasi
865 1691 924 1733 et
957 1691 1180 1733 certum
1208 1679 1270 1731 in
1300 1678 1564 1735 ordinem

167 1774 371 1849 digessi
407 1775 725 1832 secundum
767 1779 957 1831 varios
1002 1777 1321 1830 carminum
1364 1776 1562 1845 libros,

166 1893 310 1947 quos
358 1887 579 1929 veteres
614 1874 1029 1929 Archilochum
1070 1875 1358 1948 scripsisse
1410 1874 1562 1929 affir-
1603 1878 1605 1881 ’

161 1985 341 2040 mant,
376 1984 447 2026 ut
471 1971 632 2040 adeO,
671 1971 952 2045 quidquid
977 1973 1336 2028 senariorum
1362 1991 1559 2026 occur-

161 2083 342 2138 reret,
392 2072 664 2126 trimetris
703 2069 1095 2137 adcenserem‚
1146 2070 1369 2126 etiamsi
1401 2083 1557 2125 vete·

160 2187 247 2222 res
275 2180 471 2242 aperte
495 2187 617 2223 non
645 2167 915 2236 dicerent,
942 2188 1011 2222 ex
1033 2153 1311 2222 trimetris>
1332 2166 1556 2224 desum·

158 2279 250 2321 tos
286 2285 434 2332 esse3
474 2265 645 2319 simili
679 2266 858 2319 modo
897 2277 1265 2320 tetrametros
1302 2285 1554 2339 quoque,

157 2364 344 2437 elegos
373 2377 432 2418 et
459 2363 677 2438 epodos
704 2363 776 2419 ad
800 2365 888 2416 sui
912 2365 1131 2436 generis
1155 2376 1340 2418 metra
1363 2364 1557 2420 retuli.-

158 2462 283 2517 Alia
317 2461 665 2536 fragmenta,
710 2465 773 2516 in
799 2460 1009 2535 quibus
1035 2474 1288 2519 metrum
1311 2461 1405 2519 Vel
1429 2482 1553 2516 non

161 2559 502 2634 apparebat,
547 2562 642 2616 vel
676 2559 967 2615 audaciori
995 2573 1228 2615 tantum
1257 2580 1436 2616 manu
1465 2580 1551 2614 re-

158 2659 320 2711 stitui
346 2673 604 2732 poterat,
655 2658 727 2714 ad
755 2661 1006 2714 incertos
1039 2658 1216 2712 libros
1254 2659 1451 2726 reieci,
1492 2671 1551 2712 et

158 2754 260 2809 ubi
282 2757 535 2830 singulae
568 2772 799 2814 tantum
821 2777 992 2812 voces
1016 2756 1362 2813 Archilocho
1386 2775 1551 2810 usur-
