1846 3308
693 272 1066 314 „199-

181 388 244 427 dit
268 387 383 429 doct.
409 385 704 428 Mitscherlich
736 387 792 427 ad
815 388 976 441 Hymn.
1000 389 1049 426 in
1070 387 1216 427 Ceret.
1240 400 1279 426 v,
1298 398 1365 439 92.
1389 385 1570 427 verbum

179 459 266 500 hoc
284 472 403 501 recte
427 475 533 500 -cum
550 469 733 500 accusat.
754 462 946 499 construi
965 459 1170 510 exemplis
1182 460 1363 499 Homeri
1381 469 1425 499 et
1434 460 1572 512 Apol..

178 532 315 580 lonii,
363 534 519 586 quibus
559 533 673 573 adde
700 530 900 585 Aeschyl.
938 531 1123 573 Eumen.
1144 532 1232 572 206.
1274 532 1362 571 Sed
1384 532 1572 573 adsumit

181 612 311 650 etiam
331 613 581 665 genitivum.
606 608 762 663 Odyss.
788 605 845 658 ψ.
863 612 926 660 98.

739 838 1004 882 LXXXIII.

246 921 541 996 Λιπερνῆτες
574 923 797 984 πολῖται,
835 921 981 986 τάμὰ
1016 921 1074 986 δὴ
1112 920 1306 980 ξυνίετε
1337 921 1561 993 ῥήματα.

243 1072 486 1132 Pauperes
523 1069 678 1128 cives,
725 1085 837 1116 mea
871 1068 973 1116 iam
1003 1069 1172 1116 audite
1205 1068 1370 1117 verba.

274 1212 419 1254 Schol.
440 1212 658 1266 Aristoph.
681 1203 829 1264 Εἰρῆν.
850 1209 944 1249 602.
969 1208 1094 1264 τάμὰ
1121 1208 1170 1265 δὴ
1193 1203 1389 1260 ξυνίετε·
1419 1209 1567 1254 ταῦτα

176 1285 254 1328 καὶ
285 1288 498 1343 Κρατῖνος
528 1286 571 1330 ἐν
591 1286 762 1340 Πυτίνῃ
791 1286 1024 1342 πεποίηκεν
1049 1311 1106 1320 -
1130 1311 1188 1320 -
1212 1312 1270 1320 -
1297 1285 1359 1340 ἔςι
1388 1286 1434 1330 δὲ
1461 1288 1568 1346 πρὸς

176 1363 236 1406 τὰ
265 1363 572 1420 ’Δρχιλόχου·
611 1364 872 1420 Λιπερνῆτες
897 1363 1004 1407 πολ.
1042 1379 1084 1407 κ.
1115 1381 1155 1408 τ.
1188 1363 1231 1407 λ.
1259 1368 1338 1408 ubi
1367 1369 1483 1409 forte
1512 1369 1567 1409 ab

175 1449 300 1487 initio
326 1434 363 1484 a}
391 1444 569 1490 excidit,
594 1431 664 1481 ἶΩ.
693 1439 971 1497 λιπερνῆτες,
997 1456 1049 1486 ut
1074 1456 1138 1486 est
1164 1450 1212 1486 in
1236 1450 1364 1488 versu
1384 1448 1565 1496 Cratini,

176 1533 308 1573 quem
337 1524 430 1572 ipse
453 1532 502 1558 ex
518 1516 781 1557 Archilocho
808 1523 978 1567 sumsit,
1011 1522 1071 1558 ita
1090 1528 1138 1558 ut
1155 1522 1318 1572 primus
1341 1534 1486 1560 versus
1514 1524 1568 1560 sit

174 1607 425 1638 tetrameter
450 1595 717 1646 trochaicus,
756 1607 800 1636 et
823 1591 1004 1651 ῥήματα
1030 1598 1205 1638 alterius
1221 1612 1366 1639 versus
1392 1602 1567 1640 initium

172 1672 319 1711 faciat.

286 1743 655 1800 Λιπερυῆτες.
717 1747 903 1803 Hesych.
929 1744 1162 1801 Λιπερνῆς·
1209 1741 1233 1787 ὁ
1271 1742 1321 1787 ἐκ
1348 1741 1568 1789 πλουσίου

174 1822 329 1880 πένης,
372 1819 400 1878 ἧ
430 1817 478 1872 ἐξ
511 1822 649 1880 ἂγροῢ
681 1822 737 1872 εἷς
766 1821 898 1866 πόλιν
937 1820 1196 1878 πεφευγὼς,
1236 1818 1266 1877 ἧ
1292 1821 1568 1876 λειπόπολις.

173 1903 252 1944 ubi
288 1903 372 1943 vid.
408 1907 594 1957 interpp.
630 1904 805 1945 Suidas:
851 1901 1128 1959 Λιπερνῆτις·
1170 1897 1415 1956 ἣπτωχὴ,
1444 1901 1566 1959 παρὰ

173 1977 228 2021 τὸ
270 1976 502 2020 λείπεσθαι
542 1977 719 2035 ἔρνὲων,
767 1975 795 2022 ὅ
833 1978 894 2032 ἐςι
933 1977 1106 2034 φυτῶν.
1166 1980 1403 2020 Macedon.
1437 1980 1566 2022 Anal.

174 2056 226 2094 T.
248 2055 322 2094 111.
345 2068 388 2106 p.
414 2068 497 2094 120.
519 2059 653 2110 epigr.
672 2063 740 2103 31.

230 2121 348 2170 Οὐδὲ
387 2126 732 2188 λιπερνὴτης
769 2130 905 2183 κενεῷ
934 2125 1009 2171 καὶ
1039 2125 1210 2184 ἂκερδὲῖ
1235 2107 1407 2184 μόχρῳ

334 2205 545 2255 Kianos,
589 2206 872 2250 δικαιοτάτου
900 2205 1066 2263 μισθοῦ
1097 2204 1413 2263 ἀτεμβόμενος.

736 2447 999 2493 LXXXIV.

178 2529 275 2578 Ζεῦ
310 2529 502 2603 πάτερ,
546 2531 715 2599 γάμον
751 2532 841 2597 μὲν
877 2532 977 2585 οὐκ
1010 2529 1305 2598 ἔδαισάμην.

180 2679 309 2723 Zeus
329 2687 481 2739 pater,
510 2679 680 2741 epulas
694 2681 947 2744 nuptiales
965 2696 1074 2728 non
1094 2679 1296 2743 quidem
1307 2679 1562 2731 celebravi.
