1846 3308
782 264 848 273 -··-
926 253 1019 284 120
1091 264 1158 273 --·

363 363 537 419 ’Άναξ
565 365 824 424 Ἵ-Ιφαιςε.
878 374 978 413 vid.
1004 375 1055 414 fr.
1079 375 1150 414 IV.
1179 365 1295 421 ἅναξ
1323 370 1574 415 Ἀπόλλων.

370 446 476 488 Καί
541 462 634 505 μοι
700 444 1000 504 σύμμαχος
1069 449 1433 507 γουνουμένῳ
1484 447 1668 502 Ἵλαος

276 525 455 581 γενοῦ.
528 531 597 570 Sic
642 531 814 570 Orestes
859 533 1125 570 Mercurium
1168 527 1343 571 invoeat
1387 534 1435 571 in
1471 529 1665 584 Choeph.

282 607 472 662 Aeschyl.
499 622 536 648 v.
557 622 594 647 2.
624 603 785 661 Σωτὴρ
816 592 943 661 ’γενοῦ
967 620 1042 662 μοι
1063 598 1307 662 ξύμμαχός
1336 605 1376 648 τ’
1406 604 1666 661 αἰτουμένῳ.

856 841 1096 886 XXXVII.

278 923 431 983 Τοῒος
465 922 788 995 ἀνθρώποισι
818 927 1013 989 θυμὸς,
1051 927 1255 976 Γλαῦκε
1279 926 1534 977 Λεπτίνεω
1558 924 1666 987 πάϊ,

277 1015 472 1064 Γίνεται
510 1013 765 1077 9νητοῖσ’,
813 1015 986 1067 ὁκοῖον
1025 1018 1148 1077 Ζεὺς
1186 1015 1267 1082 ἐφ’
1304 1016 1487 1086 ἡμέρην
1523 1017 1638 1084 ἄγη.

278 1189 415 1236 Talis
453 1203 527 1236 est
557 1191 855 1239 mortalibus
892 1207 1048 1248 mens,
1087 1190 1284 1246 Glauce,
1322 1189 1399 1235 fili
1424 1191 1667 1254 Leptinis,

276 1281 464 1343 Iupiter
500 1281 697 1345 qualem
728 1298 989 1345 supremus
1024 1279 1203 1327 tribuit
1231 1279 1334 1326 illis
1369 1279 1425 1326 in
1460 1279 1606 1329 diem.

365 1452 533 1492 (Brunck
553 1453 653 1483 Anal.
676 1455 712 1483 Τ.
732 1455 760 1482 1.
780 1463 813 1493 p.
836 1455 883 1489 45.
909 1450 951 1482 fr.
973 1461 1019 1481 11.
1042 1451 1162 1482 Iacobo
1184 1451 1262 1480 Vol.
1284 1453 1310 1480 1.
1335 1453 1370 1480 P.
1392 1452 1419 1480 1.
1440 1461 1473 1489 p.
1494 1451 1582 1491 156.)

377 1519 535 1560 Theon
558 1523 605 1560 in
633 1521 954 1575 Progymnasm.
981 1531 1022 1569 p.
1044 1522 1081 1562 8.
1110 1508 1309 1569 “Ouaqpov
1347 1510 1667 1570 μεταφράζων,

278 1589 354 1636 ὅτε
382 1593 512 1650 φησί·
565 1594 694 1642 Τοῖος
721 1592 807 1649 γὰρ
846 1591 940 1641 νόος
977 1590 1060 1642 ἐςὶν
1098 1587 1368 1645 ἐπιχθονίων
1406 1588 1668 1648 ἀνθρώπων,

278 1669 384 1715 Οἷον
409 1671 471 1714 ἐπ’
496 1665 613 1728 ἦμαρ
638 1667 770 1728 σ’ίγησι
788 1668 932 1726 πατὴρ
958 1667 1122 1724 ἀνδρῶν
1143 1682 1192 1710 τε
1215 1667 1331 1710 θεῶν
1350 1682 1414 1715 τε,
1443 1672 1610 1727 (Odyss.
1630 1683 1668 1712 σ.

276 1767 314 1792 ν.
339 1755 444 1806 155.)
481 1749 778 1806 Ἀρχίλοχος·
814 1747 944 1797 Τοῖος
972 1744 1167 1801 ἀνθρὼπ.
1198 1748 1245 1789 ,9.
1277 1761 1318 1787 κ.
1345 1763 1386 1790 τ.
1415 1747 1460 1791 λ.
1523 1756 1670 1796 Habet

278 1826 362 1867 hoc
387 1829 674 1881 fragmentum
702 1828 829 1865 etiam
854 1826 1043 1879 Diogen.
1065 1824 1204 1862 Laert.
1228 1824 1275 1863 L.
1296 1825 1408 1865 VIII.
1439 1840 1482 1879 p.
1504 1828 1592 1867 620.
1622 1831 1670 1868 in

276 1901 424 1954 Pyrrh.
474 1901 622 1939 Sextus
649 1900 888 1950 Empiricus
916 1906 1066 1936 contra
1092 1896 1344 1939 Mathemat.
1371 1900 1419 1939 L.
1441 1900 1543 1948 VII,
1578 1907 1667 1952 598.

279 1978 353 2027 qui
372 1974 449 2014 hos
478 1986 618 2013 versus
647 1982 792 2012 tamen
812 1980 998 2010 mutatos
1028 1980 1072 2010 et
1098 1980 1317 2012 truncatos
1344 1972 1538 2023 exhibet,
1575 1974 1670 2012 Sui-

277 2053 351 2093 das
379 2067 417 2091 v.
445 2044 734 2105 Πυρῥὼνειοι,
772 2049 848 2088 sed
875 2048 1013 2087 verbis
1035 2048 1167 2100 plane
1196 2049 1446 2101 depravatis.

383 2133 429 2170 V.
456 2145 488 2170 1.
524 2123 713 2180 θυμός.
766 2113 836 2165 Sic
861 2125 1031 2165 Theon.
1060 2126 1144 2165 Alii
1173 2121 1291 2171 νοῦς,
1335 2125 1456 2179 quod
1483 2135 1668 2165 metrum

278 2208 476 2250 offendit.
529 2208 712 2252 Tamen,
751 2204 831 2244 hac
853 2219 959 2244 voce
980 2216 1160 2252 servata,
1193 2205 1353 2251 Barnes
1375 2201 1431 2241 ad
1452 2202 1603 2257 Odyss.
1627 2212 1666 2241 σ.

275 2302 313 2329 v.
331 2293 414 2334 155.
437 2284 661 2325 emendat:
690 2279 819 2328 Τοῖος
842 2275 1109 2334 ἀνθρώποισι
1130 2275 1238 2327 νοῦς,
1264 2267 1300 2318 ὦ
1320 2273 1506 2318 Γλαῦκε
1523 2303 1574 2310 -
1591 2304 1665 2319 -.

372 2358 661 2403 Λεπτίνεω
700 2355 800 2398 πάϊ
823 2361 995 2399 Kiisteri
1014 2359 1278 2399 ,emendatio
1317 2368 1380 2399 est
1406 2358 1462 2397 ad
1490 2358 1668 2398 Suidam

274 2445 304 2484 l.
342 2458 377 2483 c.
393 2453 514 2481 ‘nam
549 2435 631 2479 παῖ
681 2433 928 2480 Λεπτίνεω,
973 2446 1022 2476 ut
1067 2436 1297 2489 Menagius
1347 2437 1543 2489 corrigit,
1599 2435 1668 2475 vel

274 2515 496 2560 Λεπτίνεω
525 2513 629 2561 παῖ,
657 2526 706 2556 ut
726 2514 937 2556 Stobaeus
964 2513 1110 2561 habet,
1137 2523 1321 2552 metrum
1347 2526 1441 2555 non
1468 2514 1666 2564 admittit,

277 2616 372 2640 cum
400 2604 447 2638 in
474 2590 685 2649 Λεπτίνης
710 2593 903 2635 secunda
929 2591 1094 2646 syllaba
1121 2594 1387 2643 corripiatur.

376 2676 429 2714 V.
449 2688 485 2713 2.
518 2669 751 2713 Ὀκοῖον.
797 2673 867 2711 Sic
892 2671 1050 2711 Theon
1090 2681 1133 2710 et
1158 2671 1398 2720 Stobaeus,
1446 2674 1506 2711 ita
1535 2681 1583 2711 ut
1609 2670 1665 2711 ad

276 2746 423 2804 θυμὸν
450 2752 686 2801 referatur,
721 2762 772 2792 ut
798 2751 916 2809 apud
936 2751 1198 2799 Homerum,
1235 2763 1365 2804 quem
1382 2748 1663 2794 Archilochus
