1846 3308
266 427 431 484 σαμὲνη
482 427 636 482 τέρενα
675 427 795 486 ’χρόα
845 424 920 469 καὶ
959 426 1052 470 λίπ’
1098 425 1233 484 ἐλαίῳ
1273 442 1313 470 κ.
1352 443 1394 471 τ.
1432 428 1476 471 λ.
1513 434 1657 475 Schol.

265 504 517 562 ἣλείψαντο
547 505 696 564 πρώην
727 507 771 547 αἱ
796 505 1008 563 παρθένοι
1037 505 1105 561 τῷ
1131 505 1211 549 τοῦ
1240 504 1486 564 βαλσάμου
1510 503 1657 565 ἐλαίῳ.

265 588 484 628 Theocrit.
505 588 642 627 XVII.
670 601 707 626 v.
733 593 815 638 134.
843 583 999 640 ’χεῖρας
1020 582 1281 639 φοιβήσασα
1299 580 1450 642 μύροις
1469 583 1534 629 ἔτι
1555 601 1661 645 παρ-

264 661 391 712 θένος
416 653 528 717 Ἶρις.
556 665 748 718 Alciphr.
777 667 823 704 L.
842 665 874 703 Ι.
900 679 971 716 ep.
990 670 1027 716 4.
1058 666 1112 705 de
1133 669 1381 706 meretrice:
1426 659 1541 706 Ούδὲ
1570 665 1660 708 τῶν

264 739 415 797 μύρων
444 736 547 783 ὅσον
578 734 668 796 ὄζει
701 737 774 781 καὶ
805 737 1031 798 πόρῥωθευ
1063 738 1329 795 ‹im-mosaha.
1381 745 1435 784 Et
1454 748 1575 798 epist.
1597 747 1661 793 36.

263 829 381 875 p.5o.
397 822 478 861 alia
496 819 600 861 ibid.
619 823 833 872 queritur:
863 815 936 858 καὶ
958 810 1196 875 αὐχμηρὰν
1214 816 1292 875 μὲν
1314 815 1409 874 ἔχω
1427 818 1507 874 τὴν
1523 821 1662 874 κεφα-

266 896 377 952 λὴν,
418 895 527 951 μηδὲ
557 892 708 936 ἰδοῦσα
738 892 815 935 τὸν
846 894 1010 953 χρόνον
1039 894 1198 938 τοῦτον
1228 894 1380 953 μύρον.
1433 902 1548 940 Hinc
1576 901 1664 942 ele-

266 990 372 1031 gans
402 975 628 1028 epitheton
654 976 868 1030 Meleagri
898 980 1030 1030 epigr.
1058 982 1142 1023 105.
1171 974 1473 1033 μυροβότρυος
1512 973 1662 1019 ‘Rho-

267 1049 415 1107 δώροις.
469 1054 680 1093 Simonid.
701 1055 876 1108 Amorg.
905 1049 1000 1108 περὶ
1030 1051 1253 1106 γυναικῶν
1279 1071 1318 1096 v.
1338 1057 1400 1104 65.

487 1127 656 1170 Λοῢται
688 1125 731 1169 δὲ
758 1126 898 1184 πάσης
927 1125 1086 1187 ἡμέρης
1115 1128 1200 1172 ἀπὸ
1231 1127 1369 1188 ῥύπον

487 1204 589 1258 Δὶς,
631 1200 805 1249 ἄλλοτε
834 1204 948 1264 τρὶς,
988 1206 1062 1249 καὶ
1092 1205 1243 1264 μύροις
1273 1205 1525 1265 ἀλείφεται.

907 1452 1015 1497 XII.

931 1548 1341 1620 Ἐσμυρισμένας
1376 1552 1541 1615 κόμας

335 1639 437 1688 Καὶ
474 1637 658 1702 ςῆθος,
705 1637 774 1698 ὡς
811 1641 872 1688 ὀὲν
907 1639 996 1689 καὶ
1033 1640 1202 1709 γέρων
1238 1639 1532 1712 {fficio-carc.

1051 1807 1336 1872 Unguentis
1374 1823 1541 1856 comas

335 1902 612 1962 Pectusque
633 1913 798 1960 sparsa
813 1933 826 1955 ‚
863 1909 922 1943 ut
941 1897 1023 1946 vel
1044 1913 1215 1946 senem
1238 1909 1431 1961 caperet
1451 1915 1606 1948 amor.

491 2061 663 2100 (Brunck
685 2062 790 2091 Aual.
813 2063 849 2090 Τ.
873 2063 898 2090 1.
919 2072 953 2099 p.
973 2061 1021 2098 46.
1044 2059 1087 2091 fr.
1110 2066 1158 2095 55.
1179 2061 1300 2091 Iacobs
1320 2061 1344 2090 1.
1366 2061 1423 2099 c.)

366 2121 580 2161 'Athenae-
619 2120 720 2159 loco
751 2124 819 2159 cit.
858 2135 988 2174 quem
1016 2124 1144 2160 etiam
1169 2121 1269 2160 vide
1296 2120 1352 2159 de
1377 2123 1501 2159 variis
1529 2134 1663 2176 gene-

265 2194 410 2243 ribus,
456 2194 707 2234 nominibus
737 2204 780 2233 et
805 2209 887 2233 usu
912 2202 1264 2248 unguentorum,
1313 2191 1469 2246 quibus
1495 2204 1662 2235 veteres

266 2271 328 2306 ita
356 2266 710 2314 delectabantur,
739 2277 787 2305 ut
812 2279 906 2306 non
931 2266 1066 2305 modo
1096 2274 1248 2317 caput,
1287 2274 1462 2316 pectus,
1491 2279 1661 2318 manus,

266 2340 429 2393 pedes,
475 2338 554 2378 sed
572 2349 711 2378 toturn
742 2352 897 2390 corpus
917 2347 1153 2391 ungerent:
1202 2340 1308 2390 quin
1329 2341 1457 2378 etiam
1483 2340 1664 2394 singulis

266 2412 462 2466 partibus
490 2415 580 2452 eius
606 2415 830 2464 proprium
857 2400 1116 2450 adhiberent
1144 2420 1432 2464 unguentum.
1493 2412 1666 2461 Praeci-

266 2499 355 2540 pue
391 2494 536 2524 autem
573 2485 752 2537 capillos
785 2498 951 2539 ungere
979 2483 1201 2524 solebant.
1249 2483 1507 2524 Archestrat.
1547 2486 1666 2538 apud

267 2563 482 2603 Athenae.
516 2563 564 2602 L.
593 2563 666 2602 III.
705 2558 778 2602 καὶ
829 2557 1028 2610 ςακτοῖσι
1063 2554 1214 2613 μύροις
1262 2557 1451 2613 ἀγαθοῖς
1495 2558 1663 2616 χαίτην

267 2636 500 2694 θεράπευε.
569 2640 752 2680 Anacre.
799 2639 885 2679 Od.
912 2646 973 2687 28.
1009 2634 1062 2677 ‘O
1096 2633 1140 2678 δὲ
1177 2634 1331 2693 κηρὸς,
1373 2632 1428 2678 ἄν
1470 2628 1690 2693 δύνιγινοτι,Ι

267 2712 429 2772 Γρὰφε
473 2710 548 2756 καὶ
596 2713 736 2772 μύρου
784 2709 995 2766 πνεούσαις
1045 2712 1149 2767 (τὰς
1200 2714 1400 2772 τρίχας).
1444 2716 1662 2771 Aristoph.

268 2792 426 2837 Ἐκκλ.
467 2809 577 2851 1009.
617 2790 712 2849 ἥτις
747 2789 1011 2851 μεμύρωμαι
1040 2791 1121 2848 τὴν
1151 2791 1360 2849 κεφαλὴν
1387 2791 1662 2850 μυρώμασιν.
