1846 3308
661 266 1034 318 -2-247—

773 396 915 442 CLII.

710 502 758 547 K
770 515 802 569 ρ
815 498 874 557 εὴ
890 511 920 546 τ’
931 501 977 559 n.

250 592 456 646 stephan.
476 593 652 648 Byzant.
678 585 830 642 Κρήτη
857 583 883 642 ἦ
909 585 1064 643 μεγίςη
1093 587 1238 643 νῆσος,
1268 583 1319 643 ἧν
1339 586 1538 646 Κρεῆτην

149 663 239 722 ἔφη
269 665 543 724 ’Δρχίλοχος
577 663 696 706 κατὰ
730 660 1025 718 πλεονασμόν.
1076 669 1264 709 Litterae
1300 681 1320 707 ε
1354 669 1539 721 pleona-

149 757 285 784 smum
309 743 425 796 apud
451 743 691 781 Homerum
711 743 893 780 maxime
918 744 965 781 in
989 745 1207 795 principio
1234 755 1391 781 vocum
1416 744 1537 782 inve-

147 826 264 863 nias:
311 825 372 862 sic
398 814 584 874 ἐέλδωρ,
638 811 785 870 ἐέρση,
825 811 993 865 ἔεδυον,
1025 822 1261 873 praecipue
1296 820 1345 856 in
1377 817 1534 865 verbis,

147 900 224 940 ubi
246 908 525 954 augmentum
543 897 811 950 pleonastice
829 899 1030 948 ponitur,
1058 891 1194 941 ἔειπε,
1224 889 1427 946 ἐελμένος
1454 903 1534 933 etc.

148 976 454 1016 pleonasmum
492 977 540 1014 in
580 977 761 1014 nomine
801 977 978 1026 proprio
1022 974 1205 1015 similem
1240 968 1320 1012 τοῦ
1342 984 1367 1011 υ
1402 970 1538 1011 habet

144 1054 320 1107 Erycius
340 1052 480 1106 Cyzic.
500 1054 635 1105 epigr.
654 1065 690 1089 2.
716 1049 842 1091 Anal.
867 1050 919 1088 T.
938 1049 991 1089 11.
1020 1064 1065 1103 p.
1085 1058 1170 1102 295.
1196 1044 1424 1102 Τυμὼλου
1450 1062 1532 1101 pro

145 1122 369 1181 Τμώλου,
406 1127 483 1166 ubi
516 1126 667 1166 Iacobs
695 1130 796 1166 citat
819 1125 1026 1179 Stephan.
1060 1127 1236 1180 Byzant.
1289 1122 1531 1180 Τὺμωλος·

143 1198 284 1254 οὕτως
305 1200 327 1244 ὁ
350 1199 542 1258 Τμῶλος
561 1200 680 1244 κατὰ
703 1199 932 1256 ποιητικὸν
954 1201 1286 1258 σχηματισιιόν.

752 1441 918 1486 CLIII.

722 1542 950 1613 Κύρτη.

237 1635 391 1677 Pollux
408 1635 456 1675 L.
481 1636 534 1675 X.
566 1651 602 1675 c.
621 1636 685 1683 36.
711 1651 744 1676 s.
768 1637 852 1677 160.
903 1629 1051 1674 ’Δλλὰ
1071 1631 1158 1689 μὴν
1191 1630 1268 1674 καὶ
1302 1629 1440 1689 κύρτῃ
1472 1645 1531 1674 σι-

141 1709 249 1770 δηρᾶ
272 1709 451 1767 ἀγγεῖόν
474 1725 541 1757 τι,
573 1705 664 1752 οἷον
698 1710 889 1760 οἰκίσκος
916 1708 1127 1767 ὀρνίθιος,
1155 1707 1276 1765 παρὰ
1304 1707 1529 1766 Ἡροδότῳ

138 1786 213 1831 καὶ
247 1785 526 1843 ’Δρχιλόχμ
581 1789 796 1829 Herodoti
829 1789 947 1829 locus
976 1798 1039 1828 est
1071 1789 1119 1829 L.
1148 1789 1182 1829 Ι.
1225 1782 1430 1839 Ἐλαβον
1473 1783 1530 1828 ἂν

139 1866 259 1921 σφᾶς
308 1861 364 1915 ὣς
408 1862 452 1907 ἐν
502 1862 654 1921 κύρτῃ.
705 1865 901 1920 Hesych:
932 1861 1102 1920 κυρτίς·
1153 1862 1527 1920 ὁρνιθοτροφεῖον.

137 1928 396 2002 Crinagoras
432 1947 566 1999 epigr.
587 1958 650 1996 27.
695 1944 822 1985 Anal.
856 1945 909 1983 Τ.
936 1944 990 1985 11.
1025 1958 1069 1997 p.
1101 1949 1186 1996 147.
1239 1941 1462 1994 Ψιττακός
1504 1941 1528 1984 ὁ

135 2021 415 2079 βροτόγηρυς
444 2017 573 2074 ἀφεὶς
600 2016 887 2074 λυγοτευχὲα
922 2017 1125 2078 κύρτον
1153 2033 1194 2061 κ.
1218 2033 1259 2062 τ.
1284 2017 1328 2061 λ.
1356 2023 1434 2063 ubi
1460 2037 1530 2063 ca-

135 2113 216 2139 vea
236 2108 300 2138 est
315 2096 544 2136 viminibus
566 2105 763 2135 contexta
777 2124 791 2142 ,
819 2095 875 2134 ad
894 2109 1025 2148 quem
1055 2095 1202 2135 locum
1222 2096 1376 2136 Iacobs
1399 2098 1528 2136 etiam

136 2171 245 2212 haec
264 2170 452 2212 Pollucis
470 2169 600 2210 verba
620 2171 772 2208 excitat
802 2167 897 2207 vol.
916 2168 970 2207 11.
996 2169 1042 2208 Ρ.
1061 2169 1094 2208 Ι.
1118 2182 1162 2221 p.
1181 2174 1272 2220 403.

745 2403 907 2447 CLIV.

596 2504 641 2550 K
653 2519 681 2550 υ
698 2502 740 2566 φ
755 2518 799 2548 ω
812 2516 836 2549 ν
850 2517 866 2549 ι
878 2514 913 2550 σ
926 2516 963 2564 μ
975 2500 1004 2550 ό
1018 2517 1057 2559 ς.

234 2594 459 2636 Scholiast.
478 2593 695 2647 Aristoph.
722 2586 896 2633 Πλούτ.
922 2607 960 2633 v.
977 2594 1066 2646 476.
1109 2589 1283 2647 Ιίύφων
1305 2590 1350 2634 δὲ
1367 2590 1523 2648 δεσμός

132 2670 193 2725 ἐςι
213 2663 412 2720 ξύλινος,
442 2664 492 2712 ὃν
514 2669 553 2712 οἱ
575 2667 655 2726 μὲν
685 2666 838 2711 κλοιὸν
861 2667 1172 2726 ὀνομάζουσιν,
1211 2669 1251 2712 οἱ
1286 2667 1330 2710 δὲ
1362 2667 1518 2725 κᾶλον,

133 2747 257 2792 ἔνθεν
282 2744 355 2791 καὶ
380 2745 403 2791 ὁ
430 2743 611 2810 πονηρὸς
632 2741 861 2804 ἅνθρωπος
890 2741 1062 2801 κὺφων.
1094 2746 1304 2790 τάσσεται
1336 2746 1381 2790 δὲ
1407 2745 1518 2804 κᾴπὶ
