1846 3308
657 287 765 310 .--
842 269 936 317 165
1005 291 1073 300 -—-

323 395 552 456 Πίθηκος
587 395 659 460 ἤει
696 396 891 467 θηρίων
930 394 1231 468 ἀποκριθεὶς

462 487 676 544 Μοῧνος
706 483 778 535 ἀν’
806 484 1074 551 ἐσχατιήν.

319 575 417 642 Τῷ
450 576 494 625 δ’
527 574 610 645 ἄρ’
645 573 862 636 ἀλώπηξ
897 575 1126 646 κερδαλῆ
1163 577 1439 638 συνήντετο

459 665 663 715 Πυκνόν
700 664 913 730 ἔχουσα
949 670 1081 718 νόον.
1206 651 1209 655 ”

315 852 540 901 Narrabo
576 851 723 900 vobis
756 851 1009 910 fabulam,
1050 870 1080 900 o
1119 853 1380 915 Cerycide!

453 944 684 991 Nuncius
720 943 857 990 haud
886 942 1075 991 hilaris.

309 1034 458 1082 Solus
493 1034 678 1081 relictis
714 1032 821 1080 ibat
855 1044 1073 1081 extrema
1107 1032 1227 1083 feris

451 1125 638 1172 Simius
674 1124 727 1170 in
765 1124 922 1185 sylua.

306 1219 487 1263 Astuta
525 1215 703 1277 vulpes
740 1213 870 1262 facta
906 1214 1024 1262 huic
1060 1227 1135 1264 est
1170 1215 1374 1263 obviam

451 1304 674 1353 Subdola
708 1306 871 1352 multa
907 1305 1082 1353 sciens.

387 1491 558 1531 (anck
578 1492 601 1521 1.
627 1499 657 1521 c.
680 1489 723 1520 fr.
739 1497 788 1528 39.
811 1491 932 1520 Iacobs
954 1490 1031 1520 Vol.
1052 1492 1078 1520 1.
1101 1492 1136 1520 Ρ.
1153 1491 1180 1519 Ἰ.
1203 1500 1235 1529 p.
1256 1491 1362 1530 174.)v

265 1557 520 1597 Ammonius
547 1557 575 1596 1.
596 1571 630 1595 c.
660 1559 734 1609 qui
752 1558 888 1607 priori
914 1556 1158 1608 fragmento
1191 1555 1268 1595 hos
1297 1569 1439 1606 versus
1460 1570 1562 1597 mox

165 1633 408 1690 subiungit:
437 1628 511 1673 καὶ
540 1628 676 1673 πάλιν
709 1628 854 1685 λέγει·
893 1628 1028 1685 ’Ep-{w
1057 1631 1139 1670 τιν’
1168 1643 1209 1670 κ.
1240 1644 1282 1670 τ.
1314 1627 1357 1670 λ.
1387 1643 1431 1673 et
1458 1643 1560 1686 post

165 1705 369 1765 σκυτάλη
399 1712 541 1752 addit:
569 1702 647 1751 εἶτ’
677 1707 895 1764 ἐπιφέρει·
934 1724 1046 1764 quae
1065 1709 1195 1750 verba
1212 1713 1439 1750 interiecta
1455 1711 1559 1750 Am-

164 1788 296 1824 monii
315 1799 402 1824 non
419 1786 622 1825 videntur
640 1786 849 1833 indicare,
870 1785 1023 1824 deesse
1041 1784 1206 1836 aliquid
1227 1784 1293 1823 vel
1312 1786 1554 1832 intermitti,

162 1857 242 1896 sed
272 1857 343 1896 hic
371 1860 566 1909 incip‘ere
596 1858 839 1911 exemplum
866 1857 1064 1905 fabulae,
1102 1856 1224 1910 quod
1254 1858 1310 1896 ad
1337 1857 1555 1897 illustran-

163 1934 262 1974 dam
291 1948 443 1974 vocem
472 1925 586 1983 αἶνος
616 1935 777 1981 adfert,
827 1936 1029 1987 adeoque
1065 1937 1232 1986 priores
1270 1948 1414 1973 versus
1455 1947 1554 1972 cum

161 2007 444 2059 sequentibus
465 2021 558 2048 non
578 2011 821 2060 interrupto
840 2008 994 2048 ordine
1013 2007 1224 2061 legendos
1247 2020 1351 2046 esse.
1389 2007 1554 2045 Occur-

159 2090 262 2119 runt
281 2080 440 2130 iidem,
470 2084 634 2121 omissis
655 2081 826 2121 duobus
844 2083 1017 2134 primis,
1053 2066 1170 2133 apiid
1188 2078 1380 2118 Eustath.
1406 2080 1457 2118 T.
1474 2079 1550 2118 ΙΙΙ.

157 2166 202 2205 p.
226 2154 334 2205 1768.
359 2164 401 2193 et
424 2154 541 2206 apud
560 2154 757 2206 Apostol.
778 2154 808 2192 l.
835 2168 869 2192 c.
890 2157 1061 2207 integri.
1113 2153 1182 2192 Ad
1199 2154 1356 2192 fastum
1372 2152 1551 2206 Lycam-

159 2226 243 2266 bae
273 2227 562 2267 deridendum
592 2227 705 2266 hanc
737 2225 929 2265 fabulam
948 2225 1255 2266 Archilochum
1284 2224 1548 2272 adhibuisse,

157 2303 371 2340 sententia
394 2311 458 2339 est
477 2301 540 2339 CJ.
562 2299 768 2340 Huschke
788 2299 972 2339 Miscell.
1001 2298 1214 2353 philolog.
1239 2299 1284 2337 P.
1302 2297 1334 2336 I.
1353 2310 1397 2349 p.
1421 2309 1482 2349 27.
1506 2305 1549 2335 et

159 2386 249 2412 esse
269 2383 540 2427 sequentem,
570 2387 699 2426 quam
719 2387 769 2413 ex
788 2373 886 2413 cod.
905 2373 1161 2427 Augustano
1179 2385 1223 2423 p.
1246 2376 1308 2417 25.
1337 2370 1398 2410 26.
1422 2372 1545 2409 eruit.

155 2441 365 2504 Ἀλὼπηξ
403 2447 479 2491 καὶ
515 2447 700 2500 πίθηκος
739 2445 784 2490 ἐν
811 2447 968 2502 vam-96⁴
998 2444 1322 2502 ὁδοιποροῦντες
1347 2442 1444 2499 περὶ
1482 2439 1549 2485 εὖ·

156 2512 322 2579 ’γενείοις
351 2521 512 2584 ἤριζον.
552 2524 720 2569 Πολλὰ
751 2524 795 2568 δὲ
833 2523 1053 2582 ἑκατέρων
1083 2516 1361 2573 διεξιόντων,
1403 2518 1548 2576 ἐπειδὴ

157 2600 356 2656 ἐγένοντο
387 2602 504 2646 κατά
532 2618 631 2646 τινα
661 2604 825 2652 τόπον,
876 2599 1072 2646 ἐνταῦθα
1102 2599 1373 2655 ἀποβλέψας
1406 2595 1545 2650 ἂνεςὲ·

156 2671 261 2729 ναξε
288 2678 334 2734 (ὁ
357 2679 573 2735 πίθηκος).
615 2682 704 2738 Τῆς
733 2680 766 2723 δ’
795 2679 1027 2731 ἀλώπεκος
1051 2678 1251 2737 ἐρομένης
1279 2675 1359 2731 τὴν
1380 2675 1543 2725 αἰτίαν,

157 2755 178 2798 ὁ
201 2757 388 2814 πίθηκος
412 2751 624 2810 ἐπιδείξας
652 2758 710 2802 τὰ
730 2758 943 2815 μνήματα
974 2755 1062 2813 ἔφη
1078 2771 1088 2782 ·
1117 2754 1246 2797 Ἀλλ’
1272 2745 1350 2797 οὖν
1381 2751 1541 2811 μέλλω
