1846 3308
155 435 260 475 olim
292 437 453 474 amicos
484 443 651 473 tantum
680 442 723 472 et
748 434 1023 484 propinquos
1050 432 1106 471 ad
1135 437 1378 473 convivium
1407 448 1551 474 acces-

152 510 280 555 sisse,
307 507 500 560 reliquos
524 505 741 562 symbolas
763 504 867 543 dare
886 508 1155 556 oportuisse,
1186 507 1309 559 quod
1330 511 1414 547 nisi
1435 491 1553 548 fac'e-

151 593 275 631 rent,
313 587 418 623 vitio
437 584 521 624 illis
551 583 699 623 datum
727 594 844 629 esse,
880 580 988 621 haec
1006 582 1147 622 addit:
1185 580 1272 620 Καὶ
1311 584 1552 638 παροιμίαν

153 657 372 713 ποιεῖτὴν
392 653 611 713 ’Δκλητοι
638 652 922 712 κωμάζουσιν
954 654 991 707 ἐς
1024 655 1187 710 φίλους
1220 656 1363 711 φίλοι.
1394 660 1468 701 καὶ
1498 661 1551 704 τὸ

152 733 347 791 ’Δγαθός
373 732 478 792 πρὸς
506 730 702 799 ἂγσξθοὺς
732 729 891 790 ἄνδρας
915 733 1190 788 ἑςιασόμενος
1213 725 1336 791 ἧκον,
1366 737 1426 793 μή
1451 754 1553 780 τινα

154 812 286 869 τῖμον
317 810 597 867 εἰσενεγκὼν,
626 811 761 854 εἰπεῖν
790 810 889 853 κατ’
916 810 1221 869 ’Δρχίλοχον,
1249 812 1375 856 ἀλλὰ
1399 814 1553 872 δηλον·

155 876 225 933 62¹1
253 888 514 944 ἀσύμβολον
546 888 715 932 δεῖπνον
745 884 893 946 εὑρὼν.
925 891 998 932 καὶ
1028 889 1113 942 ἔςιν
1145 888 1167 932 ὁ
1196 891 1324 946 τῖμος
1354 893 1473 936 κατὰ
1498 895 1552 938 τὸ

155 963 271 1022 ὠνὴ,
313 958 447 1019 αἶνος,
485 965 638 1023 χολὴ,
678 965 834 1023 χόλος.
897 972 966 1010 De
988 970 1051 1010 his
1081 966 1293 1023 ἀκλήτοις
1318 985 1463 1015 autem
1482 978 1552 1017 vel

86 1027 94 1034 .
153 1044 303 1083 saltem
341 1043 395 1083 ab
437 1048 575 1085 amico
612 1059 705 1085 non
745 1045 940 1084 adductis
979 1045 1194 1084 Plutarch.
1240 1047 1437 1101 Sympos.
1475 1050 1550 1090 III.

152 1120 294 1174 probl.
323 1116 364 1159 ἁ.
393 1125 455 1162 sic
479 1122 667 1161 iudicat:
696 1119 753 1160 Οἱ
781 1117 860 1174 μὲν
891 1115 976 1161 ὑπὸ
1010 1119 1102 1160 τῶν
1132 1118 1420 1176 κεκλημένων
1449 1122 1554 1179 &76-

153 1210 277 1251 μενοι
306 1194 455 1250 φίλων
484 1194 554 1238 ἐπὶ
581 1195 634 1239 τὸ
664 1194 861 1244 δεῖπνον,
907 1194 999 1239 ἔθει
1032 1195 1344 1254 φιλανθρώπῳ
1375 1200 1552 1257 τυγχά-

153 1287 276 1317 νουσι
303 1274 394 1316 τῶν
425 1268 599 1322 αὐτῶν,
645 1271 790 1330 ὥσπερ
830 1273 1109 1333 ’Δριςόδημος
1148 1272 1233 1318 ὑπὸ
1276 1278 1553 1336 Σωκράτους

154 1352 217 1404 εἷς
253 1351 509 1408 ’Δγάθωνος
552 1351 714 1409 ἀχθεὶς
752 1351 964 1406 ἑςιῶντος.
1029 1350 1086 1394 Εἰ
1125 1351 1169 1394 δέ
1206 1368 1272 1403 τις
1301 1354 1383 1409 ἀφ’
1412 1354 1550 1401 αὑτοῦ

152 1430 349 1489 βαδίζει,
387 1429 533 1486 τούτῳ
563 1429 627 1473 δεῖ
650 1430 730 1485 τὴν
758 1431 900 1487 θύραν
930 1428 1205 1473 κεκλεῖσθαι.
1257 1436 1456 1477 Macrob.
1476 1440 1552 1478 Sa·

154 1519 266 1548 turn.
295 1511 342 1548 L.
360 1509 393 1548 Ι.
423 1510 469 1548 C.
489 1522 527 1559 7.
562 1537 593 1556 ,‚
609 1509 775 1559 Sponte
795 1511 959 1547 irruere
978 1510 1025 1546 in
1046 1510 1289 1546 convivium
1312 1509 1404 1549 aliis
1425 1525 1551 1563 prae-

152 1593 352 1635 paratum
374 1596 458 1621 nec
482 1581 535 1620 ab
561 1582 755 1621 Homero
775 1584 868 1620 sine
892 1590 999 1620 nota
1024 1580 1094 1619 vel
1117 1583 1163 1618 in
1186 1581 1318 1620 fratre
1337 1597 1552 1624 memora-

154 1659 304 1694 tum.“
337 1675 386 1684 —·
424 1655 627 1694 Ceterum
654 1667 826 1693 scurrae
852 1663 1045 1702 tantum,
1080 1656 1327 1693 meretrices
1356 1665 1399 1694 et
1424 1670 1552 1708 para-

156 1730 226 1766 siti
244 1730 434 1767 invocati
456 1727 512 1767 ad
533 1727 682 1780 epulas
702 1726 910 1766 accedere
931 1727 1145 1766 solebant.
1173 1727 1242 1765 Sic
1260 1729 1306 1765 in
1324 1729 1551 1782 Symposio

155 1800 387 1852 Xenophl,
430 1815 574 1840 scm-ra
597 1799 822 1853 Philippus
850 1803 1075 1840 invocatus
1108 1800 1243 1840 adest.
1307 1801 1550 1854 Alciphron

154 1878 203 1917 L.
222 1878 295 1917 m.
318 1878 396 1929 Ep.
419 1878 481 1917 66.
500 1873 641 1929 Κᾷγώ
672 1873 751 1931 μὲν
770 1876 942 1928 (scribit
958 1879 1192 1929 parasitus)
1211 1872 1402 1931 ᾠχόμην
1431 1877 1552 1919 κατὰ

155 1950 209 1994 τὸ
239 1950 395 2001 εἰωθὸς
424 1947 620 2007 ἄκλητος
651 1952 708 2002 εἰς
731 1950 968 2000 Πασίωνος.
1036 1953 1212 1993 Plautus
1244 1955 1411 2008 Captiv.
1445 1957 1498 1996 A.
1516 1958 1552 1997 Ι.

155 2029 221 2067 Sc.
240 2027 274 2066 I.
301 2028 541 2081 Ergasilum
563 2032 796 2080 parasitum
816 2029 986 2067 inducit
1005 2026 1246 2066 dicentem:

374 2105 579 2145 Iuventus
606 2108 770 2146 nomen
796 2105 957 2145 indidit
981 2114 1124 2144 scorto
1151 2103 1273 2152 mihi,
1339 2134 1342 2136 v

374 2179 440 2217 Eo
469 2181 570 2230 quia
598 2182 821 2218 invocatus
849 2178 972 2217 soleo
1002 2191 1095 2216 esse
1121 2180 1168 2216 in
1197 2180 1410 2219 convivio.

156 2258 210 2297 Et
224 2258 402 2297 Terent.
436 2255 604 2296 Phorm.
634 2258 685 2296 A.
706 2257 778 2296 111.
806 2258 873 2296 Sc.
894 2256 928 2295 I.
963 2270 1002 2294 v.
1021 2262 1084 2302 25·

654 2335 779 2374 Tene
803 2334 1075 2389 asymbolum

376 2408 540 2448 Venire
566 2419 747 2448 unctum
776 2417 907 2459 atque
933 2407 1100 2446 lautum
1123 2421 1145 2445 a
1167 2406 1350 2446 balneis.

158 2484 499 2542 Εἶσενέγκας
521 2488 706 2530 Casaub.
728 2483 993 2540 εἰσήνεγκας,
1016 2487 1140 2542 quod
1159 2497 1298 2527 metro
1315 2496 1548 2540 repugnat.

257 2568 311 2606 V.
329 2573 368 2614 3.
393 2563 675 2621 Ἐσῆλθες,
701 2570 761 2607 sic
778 2581 856 2620 pro
884 2554 1022 2618 ἦλθες
1046 2569 1093 2604 in
1111 2564 1339 2604 Athenaeo
1365 2562 1548 2602 casaub.
1623 2623 1627 2626 .

162 2647 218 2686 ad
234 2657 414 2686 metrum
432 2647 693 2700 explendum
709 2649 918 2698 reposuit.
937 2664 984 2672 -
1001 2644 1113 2683 Ibid.
1135 2635 1242 2680 Οἷα
1273 2636 1331 2691 δὴ
1363 2637 1400 2691 φ
1414 2637 1427 2675 ι’
1440 2634 1468 2676 λ
1481 2650 1503 2678 ο
1516 2650 1548 2684 ς.
1583 2650 1586 2653 ’

160 2720 259 2759 vid.
293 2720 348 2759 de
377 2719 484 2759 haec
511 2720 722 2772 particula
751 2720 899 2772 Viget.
933 2717 990 2757 de
1018 2717 1146 2756 Idiot.
1180 2729 1229 2754 ex
1259 2714 1360 2752 edit.
1392 2713 1548 2751 Zeunii
1583 2709 1631 2729 ‘⁸'
1657 2708 1687 2728 ³*
1733 2723 1738 2725 ⁴

160 2810 202 2849 p.
222 2810 306 2836 121.
325 2797 472 2848 Eurip.
493 2797 634 2836 Orest.
652 2791 781 2848 κᾷγὼ
803 2791 1041 2847 μέτεσχον,
1070 2787 1142 2833 οἷα
1161 2788 1210 2844 δὴ
1230 2786 1355 2843 γυνὴ,
1388 2785 1545 2839 Φόνου.
