1846 3308
819 320 886 328 ...-
959 301 1052 354 176
1121 321 1191 329 .--

310 441 356 471 ει
382 430 560 470 Suidam
588 434 764 481 excitat,
812 445 997 486 quorum
1024 431 1097 472 ille
1124 426 1255 472 πόλιν
1282 447 1363 486 per
1387 429 1544 487 χῶραν
1571 451 1701 490 expo-

309 512 400 557 nit,
446 507 515 548 hic
545 507 700 548 Chium
736 510 920 549 insulam
949 525 972 549 a
998 511 1123 565 Lysia
1151 505 1283 549 πόλιν
1312 512 1572 562 appellatam
1610 527 1701 554 esse

309 585 511 625 observat
538 595 580 624 et
608 585 751 626 addit:
791 581 916 625 ἀλλὰ
947 582 1021 626 καὶ
1052 580 1189 627 ἄλλοι
1217 583 1440 634 πολλάκις
1460 584 1550 627 τῶν
1579 585 1700 644 ῥητό-

309 674 395 715 ρων
442 656 518 711 τὰς
561 657 716 713 νήσους
751 659 898 712 πόλεις
944 660 1248 720 ὀνομάζουσιν.
1315 667 1553 706 Homerum
1598 681 1700 708 vero

307 736 372 777 his
395 735 642 776 auctoribus
663 739 911 788 praeivisse,
934 749 1051 778 recte
1073 739 1440 789 animadvertitur,
1466 744 1538 793 qui
1562 741 1700 782 Coum

308 815 494 875 insulam
523 813 570 853 Il.
596 808 645 860 ,Β
673 814 760 864 676.
792 824 834 852 et
858 815 1070 854 Lemnum
1099 816 1252 871 OdysS.
1278 815 1326 856 θ.
1361 831 1399 856 v.
1421 821 1508 867 284.
1535 819 1594 856 ita
1620 830 1702 857 no·

309 890 502 927 minavit.
566 886 665 937 Ipse
692 884 975 927 Archilochus
1001 891 1158 928 iterum
1183 890 1298 929 infra
1322 890 1474 944 fragm.
1493 896 1556 937 88.
1585 894 1702 930 insu-

305 966 392 1005 lam
418 964 610 1003 Thasum
637 957 768 1001 πόλιν
797 963 915 1003 dicit.
974 965 1119 1018 Lysias
1156 963 1254 1004 κατ’
1301 961 1471 1007 ’Δνδοκ.
1513 960 1701 1007 ’Ἔπειτα

304 1039 351 1081 δὲ
382 1038 454 1080 καὶ
486 1035 716 1093 διώχληκε
745 1037 896 1089 πόλεις
923 1036 1099 1090 πολλὰς
1128 1038 1171 1083 ἐν
1201 1040 1260 1097 τῇ
1288 1040 1538 1099 ἀποδημίᾳ,
1570 1045 1700 1085 Σικε-

306 1116 435 1168 λίαν,
490 1112 711 1169 Ἰταλίαν,
766 1116 1106 1173 Πελοπόννησον
1147 1133 1187 1161 κ.
1218 1134 1258 1161 τ.
1290 1116 1334 1160 λ.
1394 1124 1600 1164 Aristides
1644 1124 1699 1163 de
1736 1134 1740 1138 ’

303 1201 515 1255 Neptuno
551 1198 604 1237 Τ.
627 1198 659 1237 Ι.
688 1212 731 1251 p.
755 1213 817 1239 20.
846 1195 919 1238 καὶ
957 1193 1110 1246 πόλεις
1148 1195 1193 1238 δὲ
1230 1194 1471 1240 ἐπολίσαντο
1508 1198 1600 1248 τοῖς
1628 1196 1697 1240 ἂν·

301 1272 512 1330 θρώποις,
541 1268 591 1319 ἅς
611 1271 660 1327 δὴ
681 1273 836 1328 νήσους
855 1272 947 1317 νυνὶ
965 1273 1206 1330 καλοῦμεν.
1240 1278 1439 1334 Aeschyl.
1455 1268 1615 1332 Εὗμεν.
1633 1286 1696 1331 75.

302 1356 465 1396 insulas
491 1345 749 1409 περιῤῥύτας
778 1350 929 1403 πόλεις
953 1366 1092 1396 vocat.
1120 1357 1190 1395 Sic
1224 1356 1496 1408 Propertius,
1543 1357 1591 1395 L.
1622 1356 1696 1397 ΙΙΙ.

304 1430 419 1483 Ε1.9,
451 1430 509 1470 16.
531 1427 789 1470 observante
801 1430 863 1469 Cl.
878 1427 1083 1468 Huschke
1110 1429 1292 1469 Miscell.
1305 1427 1453 1481 philol.
1468 1430 1513 1468 P.
1524 1429 1554 1469 Ι.
1572 1443 1615 1482 p.
1633 1434 1695 1481 24.

522 1502 780 1542 Praxitelem
815 1504 972 1543 Paria
1008 1502 1198 1542 vindicat
1229 1501 1368 1541 urbe
1401 1502 1524 1555 lapis.

884 1735 1100 1779 LXVIII.

752 1821 978 1882 Δὺςηνος
1014 1819 1238 1886 ἔγκειμαι
1274 1820 1447 1885 πόθῳ,

426 1909 706 1976 Ἄψυχος,
743 1910 1007 1975 χαλεπῆσι
1042 1911 1177 1960 θεῶν
1217 1909 1453 1972 ὀδύνῃσιν
1491 1904 1624 1970 ἕκητι

751 2002 1083 2074 Πεπαρμένος
1119 2001 1179 2049 δι’
1213 1998 1390 2062 ὀςέων.

742 2165 897 2205 Versio
926 2166 1067 2206 Grotii
1094 2179 1137 2218 p.
1157 2165 1245 2211 263.

750 2242 950 2289 Amoris
984 2242 1038 2288 in
1074 2239 1312 2287 morbum
1343 2236 1513 2294 incidi,

433 2330 719 2389 ExanimiS,
758 2348 901 2379 saeva
936 2333 1194 2394 perculsus
1231 2328 1377 2375 corda
1414 2327 1564 2373 desim
1596 2326 1663 2384 vi,

747 2422 893 2468 Unde
928 2437 1039 2468 ossa
1072 2419 1327 2467 consumit
1361 2417 1521 2464 dolor.

393 2581 607 2623 Stobaeus
649 2584 845 2623 Sermon.
882 2582 1014 2620 LXII.
1050 2595 1093 2633 p.
1131 2589 1219 2633 397.
1260 2582 1564 2634 Fragmentum
1600 2575 1684 2617 hoc

296 2658 545 2709 egregium,
599 2658 701 2709 quia
745 2655 809 2694 illi
855 2657 1069 2706 superiori
1097 2654 1207 2693 LXI.
1257 2656 1464 2692 continuo
1506 2650 1685 2690 subiun-

294 2737 411 2766 ctum
431 2738 510 2777 est,
540 2738 583 2769 et
601 2731 685 2769 vim
707 2731 993 2781 spiritumque
1021 2727 1213 2767 ostendit
1233 2723 1494 2766 Archilocho
1523 2723 1683 2775 dignis-

292 2802 472 2849 simum,
499 2812 556 2853 *et
583 2812 729 2854 aperte
753 2815 851 2854 pars
881 2800 1006 2854 epodi
1036 2810 1122 2848 est,
1153 2802 1272 2839 cuius
1302 2799 1499 2837 carminis
1532 2804 1682 2835 auctor
