1846 3308
826 287 1200 334 ...250-

321 411 423 449 Sine
446 407 580 448 dubio
602 407 709 448 haec
728 423 810 449 vox
830 413 956 449 etiam
978 413 1092 451 inter
1112 415 1305 453 convicia
1323 415 1569 461 referenda,
1599 432 1712 471 quae

320 483 552 523 Neobulae
571 492 701 536 poeta
721 483 846 529 fecit:
875 482 953 522 sed
980 484 1150 524 videtur
1169 499 1220 525 ea
1243 490 1387 537 potius
1409 488 1666 529 femininum
1689 505 1713 531 a

318 552 550 614 μύσαχνος
577 569 619 600 et
649 560 802 600 eadem
829 573 910 600 vox
940 574 1054 610 esse,
1106 575 1218 614 quae
1245 560 1511 617 μυσαχθῇς,
1563 575 1606 605 et
1631 562 1711 620 μὺ·

318 650 484 691 σαχνος
529 638 870 686 abominandus,
917 640 1131 690 impurus,
1179 639 1332 679 eadem
1375 640 1707 694 significatione,

318 714 458 753 forma
505 721 670 752 tantum
712 711 890 750 diversa.
944 711 1009 750 Cf.
1047 711 1161 751 doct.
1197 713 1383 753 Brunck.
1427 714 1483 753 ad
1507 714 1707 770 Theogn.

315 800 353 824 v.
380 790 462 836 ¹24·
501 795 544 826 et
584 798 714 837 quem
748 783 810 823 ibi
847 783 998 823 laudat
1032 784 1324 826 Hemsterhus.
1361 787 1417 826 ad
1444 787 1629 843 Hesych.
1667 803 1705 828 v.

317 856 485 916 ι’ἁχεον.

924 1067 1090 1110 CLIX.

851 1156 912 1202 M
926 1151 953 1201 ύ
967 1167 1143 1216 σχης.

409 1247 595 1304 Hesych.
647 1239 864 1298 Μὺσχης,
906 1232 1053 1297 εὖρος.
1093 1239 1149 1292 ὡς
1182 1241 1468 1300 Ἀρχίλοχος.
1518 1250 1699 1307 Soping.

309 1315 441 1378 εὗρὼς
461 1324 697 1380 legendum
719 1331 878 1362 censet.
930 1322 982 1362 In
999 1322 1118 1363 libris
1137 1319 1420 1377 ’Δμφίλοχος
1442 1326 1616 1378 quidem
1635 1328 1701 1368 le-

309 1405 437 1456 gitur,
465 1399 543 1439 secl
562 1412 659 1437 cum
685 1406 835 1436 auctor
854 1394 926 1436 hic
946 1409 1040 1437 non
1062 1397 1165 1437 alibi
1184 1397 1383 1437 laudatus
1405 1397 1459 1437 ab
1479 1398 1697 1454 Hesychk)

307 1482 568 1525 inveniatur,
588 1475 756 1516 Alberti
777 1483 893 1513 recte
912 1474 1090 1524 iudicat,
1114 1469 1404 1529 Ἀρχίλοχος,
1428 1478 1547 1516 cuius
1565 1491 1698 1530 saepe

306 1555 524 1601 meminit,
551 1547 858 1603 reponendum
878 1546 947 1587 hic
965 1561 1072 1588 esse.

926 1755 1068 1798 CLX.

925 1839 988 1888 Ὅ
1004 1858 1053 1889 α.

401 1937 555 1979 Pollux
579 1938 626 1976 L.
646 1935 720 1975 VI.
749 1949 783 1974 c.
803 1946 841 1987 9.
867 1942 968 1973 sect.
989 1939 1052 1980 80.
1081 1918 1167 1969 3Hv
1206 1926 1251 1970 δὲ
1277 1928 1511 1987 τρωγάλια
1539 1932 1689 1991 μυρτί-

300 2015 385 2064 δες,
424 2010 591 2070 κάρυα,
631 2008 851 2069 μέσπιλα,
892 2004 923 2049 0‘1'
961 2004 1051 2049 καὶ
1093 2003 1149 2050 ὂά
1177 2005 1407 2058 καλεῖται,
1448 2007 1522 2051 καὶ
1551 2009 1686 2053 τοῦτο

282 2087 496 2148 ,τοῦνομά
526 2089 585 2142 ἑςι
615 2087 735 2147 παρὰ
763 2085 1000 2133 Πλάτωνι,
1038 2083 1094 2135 ὡς
1117 2083 1239 2143 παρὰ
1267 2084 1543 2144 Ἀρχιλόχῳ.
1595 2090 1687 2130 Ad-

293 2171 505 2214 mittenda
531 2170 600 2211 hic
623 2180 686 2211 est
708 2168 872 2210 Kfihnii
893 2166 1166 2215 emendatio,
1202 2161 1424 2219 μέσπιλα,
1462 2162 1536 2205 καὶ
1568 2159 1600 2205 οἳ
1626 2159 1684 2207 ὄά

295 2247 526 2294 maldram
553 2262 655 2288 nam
675 2248 777 2288 alias
798 2245 977 2299 mespila
999 2255 1041 2283 et
1059 2241 1211 2292 sorba,
1241 2258 1353 2296 quae
1377 2244 1541 2285 diversa
1565 2255 1680 2295 sunt,

292 2325 428 2366 iidem
450 2324 698 2364 dicerentur
720 2333 811 2360 esse
830 2319 1009 2366 fructus,
1036 2326 1086 2356 ut
1109 2317 1163 2356 H.
1189 2316 1392 2370 Stephan.
1415 2317 1628 2358 observat.

906 2523 1071 2568 CLXI.

791 2608 1167 2658 Πακτῶσαι.

385 2707 538 2747 Pollux
559 2707 605 2746 L.
628 2705 684 2744 X.
708 2717 741 2743 c.
754 2708 790 2749 5.
812 2711 913 2742 sect.
938 2715 999 2753 27.
1023 2695 1045 2740 ὁ
1072 2695 1408 2754 ’Δρχὶλοχος
1437 2696 1672 2741 πακτῶσαι

284 2781 334 2823 τὸ
367 2779 555 2825 κλεῖσαι.
589 2793 631 2823 et
661 2783 807 2835 paucis
839 2779 1029 2821 versibus
1051 2789 1170 2820 ante:
1210 2777 1276 2831 τῷ
1304 2774 1348 2818 δὲ
1376 2773 1550 2819 κλεῖσαι
1578 2769 1671 2820 ἶσον
