1846 3308
787 303 856 312 -.
931 284 1023 333 156
1096 305 1159 314 ..-

275 425 368 450 esse
389 409 580 464 elegiae,
615 409 684 450 vel
706 410 966 464 elegiarum,
1007 410 1164 464 quibus
1182 413 1229 451 in
1249 411 1417 460 obitum
1438 418 1579 455 mariti
1599 430 1669 456 so-

273 486 382 523 roris
413 496 517 522 suae
537 496 617 535 per
643 483 918 536 naufragium
946 488 1224 537 conscriptis,
1261 485 1330 524 vel
1357 488 1406 525 in
1427 496 1600 538 questus
1623 502 1669 528 se

274 555 596 609 profundebat,
633 555 703 594 vel
733 559 923 595 animum
951 571 976 595 a
1003 556 1124 596 luctu
1144 571 1374 605 revocare,
1412 572 1548 611 seque
1576 563 1668 614 ipse

275 629 474 683 aliosque
496 629 550 668 de
569 631 660 668 eius
683 630 861 668 interitu
882 628 1098 669 consolari
1118 630 1295 669 studuit.
1356 630 1425 670 Ad
1447 629 1521 670 has
1540 635 1669 671 etiam

273 705 484 756 pertinuit
516 701 830 741 animadversio
851 701 1040 756 Longini
1062 716 1094 742 s.
1119 716 1178 745 w.
1200 716 1242 741 n.
1265 717 1302 754 7.
1329 707 1499 756 potius,
1537 718 1669 757 quam

274 774 332 814 ad
371 774 638 814 trochaicum
674 783 994 822 tetrametrum,
1039 788 1128 827 quo
1159 775 1327 815 Tollius
1367 778 1521 817 referri
1559 778 1667 827 vult,

275 863 373 888 cum
396 848 451 888 de
469 848 698 901 naufragio
729 860 870 886 sermo
900 850 978 894 sit,
1008 847 1064 886 de
1084 861 1172 901 quo
1193 847 1256 888 his
1281 849 1540 891 carminibus
1561 864 1669 904 que-

272 918 360 968 stus
380 937 454 967 est.
491 921 562 977 Τῆ
582 920 625 963 δὲ
643 920 723 964 τοῦ
747 919 876 969 ἔπους
895 918 1141 976 συνθλίψει
1162 919 1213 963 τὸ
1235 920 1379 972 πάθος
1399 919 1543 980 ἄκρως
1566 923 1675 968 &vt-si

272 1000 482 1045 πλάσατο
520 995 763 1056 (Όμηρος)
801 998 875 1041 καὶ
913 996 1132 1055 μονονοὺκ
1172 994 1417 1043 ἐνετύπωσε
1457 1002 1516 1057 τῆ
1544 996 1667 1048 λέξει

273 1079 354 1123 τοῦ
393 1075 594 1121 κινδύνου
634 1076 805 1134 ἰδίωμα.
848 1070 930 1120 οὒκ
969 1070 1122 1130 ἄλλως
1166 1075 1441 1136 Ἀρχίλοχος
1478 1075 1547 1121 ἐπὶ
1583 1078 1665 1122 τοῦ

272 1156 503 1214 ναυαγίου.

909 1438 1034 1483 LVI.

366 1534 643 1594 ’Δρχίλοχος
678 1533 756 1578 τὸν
792 1526 962 1583 Νάξιον
997 1527 1171 1588 (οἶνον)
1209 1532 1279 1590 τῷ
1315 1531 1493 1591 νέκταρι
1529 1539 1695 1590 παρα-’

269 1614 461 1671 βάλλει,
491 1610 535 1668 ὃς
565 1611 640 1656 καί
667 1626 754 1655 που
783 1609 919 1667 φησί·

266 1716 349 1768 Ἕν
372 1716 492 1786 δορὶ
511 1713 599 1778 μέν
621 1731 708 1777 μοι
729 1710 877 1777 μάζα
902 1711 1208 1780 μεμαγμένη,
1243 1712 1291 1765 ἐν
1316 1710 1436 1785 δορὶ
1462 1712 1504 1761 δ’
1532 1707 1668 1772 οἶνος

402 1806 721 1875 Ἰσμαρικός·
767 1804 894 1852 πίνω
927 1803 970 1852 δ’
998 1799 1046 1853 ἐν
1074 1802 1195 1875 δορὶ
1229 1802 1536 1867 κεκλιμένος.

502 1971 660 2010 Versio
687 1969 889 2023 Dionysii
916 1967 1079 2007 Petavii
1107 1968 1163 2007 ad
1188 1969 1429 2023 Synesium.

269 2051 417 2097 Maza
452 2045 578 2093 mihi
605 2045 802 2091 hastato
835 2043 1122 2107 praebetur,
1143 2036 1391 2091 ‘Bacchus
1432 2042 1487 2088 in
1521 2042 1665 2089 hasta

403 2135 699 2190 Ismaricus;
746 2134 867 2181 dum
902 2150 984 2181 me
1020 2133 1237 2181 sustinet
1269 2133 1434 2190 hasta,
1476 2130 1612 2178 bibo.

369 2298 618 2339 Athenaeus
637 2298 732 2338 Lib.
751 2298 784 2337 1.
809 2311 853 2351 p.
873 2304 937 2343 50.
957 2297 1002 2335 F.
1055 2296 1257 2349 Synesius
1277 2293 1451 2346 Epistol.
1467 2293 1663 2333 CXXIX.

269 2375 421 2416 Suidas
452 2390 490 2414 v.
520 2368 771 2428 ὑπνομαχῶ
802 2382 844 2413 et
871 2381 1039 2425 partem
1070 2374 1161 2412 eius
1195 2386 1234 2411 v.
1255 2364 1503 2425 Ἰσμαρικός
1536 2361 1664 2420 οἶνος.

267 2452 512 2495 Eustathius
542 2452 693 2507 Odyss.
714 2464 741 2490 ι.
773 2452 825 2491 Τ.
843 2451 916 2491 ΙΠ.
943 2464 985 2504 p.
1011 2449 1119 2495 1682.
1445 2507 1451 2514 .

367 2554 420 2595 V.
440 2566 473 2594 1.
508 2545 690 2606 Μάζα.
743 2548 929 2604 Hesych.
958 2540 1112 2602 ἄρτος,
1161 2544 1378 2603 φύραμα·
1429 2544 1586 2605 κυρίως
1619 2544 1665 2589 δὲ

266 2627 391 2687 μάζα
419 2624 444 2683 ἦ
474 2625 624 2683 τροφὴ
653 2623 739 2667 ἀπὸ
769 2620 998 2679 ’γάλακτος
1026 2620 1100 2664 καὶ
1131 2622 1270 2667 σίτου.
1321 2628 1462 2666 Etiam
1477 2624 1664 2666 scholia-

267 2719 351 2748 stes
371 2706 669 2760 Aristophanis
690 2698 835 2757 Εἰρήν.
862 2717 900 2742 v.
921 2716 954 2743 1.
978 2700 1090 2741 hanc
1108 2705 1394 2755 posteriorem
1413 2702 1663 2755 explicatio·

267 2798 370 2825 nem
392 2785 545 2825 adfert.
599 2781 794 2825 Hesiodo
812 2772 943 2835 ”Εργ.
966 2782 1060 2824 588.
1087 2774 1210 2834 μάζα
1231 2774 1459 2833 ἀμολγαίη
1487 2780 1659 2826 dicitur,
