1846 3308
846 270 1222 325 -263w

336 400 529 451 scripsit,
569 399 673 439 licet
702 405 994 453 composuerit
1017 401 1099 441 alia
1128 399 1329 442 historica
1360 414 1402 443 et
1423 406 1729 460 geographIca‚

338 479 394 517 de
426 476 582 530 quibus
609 475 671 515 10.
692 475 941 514 Harduinus
971 475 1027 513 ad
1057 474 1245 514 Plinium
1273 485 1316 515 et
1342 476 1519 517 Vossius
1551 479 1599 518 L.
1620 479 1653 519 Ι.
1675 481 1730 520 de

335 552 560 591 Historicis
582 548 757 588 Graecis
782 547 829 586 C.
851 561 912 586 21.
942 546 1019 586 ubi
1049 550 1176 587 etiam
1205 547 1260 587 de
1279 549 1460 589 Mnasea
1481 551 1654 605 Berytio
1687 563 1731 592 et

335 623 617 674 Colophonio
638 623 725 659 sive
741 621 947 659 Locrensi
972 624 1258 674 paegniorum
1286 624 1521 673 scriptore,
1550 626 1626 676 qui
1650 637 1730 677 per

333 696 570 736 ludibrium
591 694 729 733 dictus
752 702 812 731 est
830 691 1004 743 Salpes,
1034 693 1156 745 quod
1187 704 1250 733 est
1267 707 1434 734 nomen
1458 698 1584 747 piscis
1612 700 1728 736 vario

333 771 508 817 colore,
565 777 614 807 ut
656 775 781 805 notat
816 763 1066 804 Athenaeus
1102 765 1150 804 L.
1171 766 1264 806 VII.
1302 775 1455 819 p.321.
1516 769 1726 810 Mnaseae

331 842 566 883 Phocensis
592 842 757 879 mentio
787 837 905 890 apud
932 837 1206 877 Aristotelem
1234 839 1262 878 l.
1282 843 1320 891 4.
1351 840 1520 880 Politic.
1552 850 1595 880 et
1616 841 1726 881 Dio-

330 930 425 970 por.
464 913 594 954 Sicul.
610 912 726 951 XVI.
754 915 903 964 p.437.
967 912 1191 950 Mnaseam
1236 912 1368 951 alium
1403 927 1551 952 secum
1588 913 1727 954 collo·

331 999 539 1043 quentem
567 985 736 1026 inducit
758 984 945 1024 Iustinus
966 984 1131 1037 Martyr
1157 983 1327 1038 dialogo
1357 999 1454 1024 cum
1481 971 1723 1040 Tryphone

329 1077 372 1115 p.
403 1065 487 1113 143.
528 1058 657 1111 (Inde
692 1067 935 1110 sequuntur
962 1057 1177 1110 quaedam
1213 1057 1268 1096 de
1305 1067 1445 1098 aetate
1471 1057 1722 1099 Archilochi

327 1144 511 1188 poetae,
559 1145 672 1185 quae
705 1134 753 1171 in
791 1134 1102 1171 commentario
1131 1129 1232 1169 huic
1260 1133 1385 1183 operi
1412 1130 1602 1183 praefixo
1634 1134 1721 1172 iam

327 1210 518 1260 exposita
540 1214 640 1245 sunt
657 1206 692 1255 §.
712 1205 763 1243 11.
782 1214 874 1243 not.
894 1202 942 1242 h:
959 1213 1002 1243 et
1019 1203 1138 1243 XIX.
1157 1213 1250 1243 not.
1271 1202 1340 1253 b.)
1375 1204 1533 1244 Teutei
1554 1218 1720 1245 nomen

326 1283 476 1321 sumsit
495 1280 661 1319 Annius
682 1292 731 1318 ex
750 1277 952 1323 Diodoro
984 1276 1052 1315 vel
1070 1275 1246 1316 Eusebii
1266 1275 1511 1325 Chronico,
1546 1276 1625 1317 ubi
1651 1280 1720 1317 in-

324 1365 389 1394 ter
407 1354 676 1407 Assyriorum
696 1364 818 1406 reges
840 1359 1116 1398 numeratur,
1146 1352 1223 1403 qui
1243 1352 1289 1388 in
1311 1350 1493 1389 Pontaei
1519 1349 1715 1390 editione

322 1441 366 1479 p.
390 1440 422 1465 ι.
462 1435 525 1465 est
549 1425 766 1472 Tanteus,
807 1427 854 1463 in
889 1423 1095 1477 Scaligeri
1130 1436 1173 1476 p.
1199 1428 1257 1469 18.
1293 1423 1482 1475 proinde
1515 1432 1565 1462 ut
1599 1422 1719 1474 apud

322 1501 515 1539 Annium
547 1496 754 1537 Teuteus.
816 1496 902 1537 Sed
938 1496 1116 1536 annales
1153 1495 1207 1534 ab
1245 1509 1298 1536 eo
1334 1500 1513 1549 scriptos
1548 1498 1715 1535 nemini

324 1576 479 1624 opinor
498 1581 598 1611 ante
611 1572 803 1611 Annium
822 1572 868 1609 in
886 1579 1076 1609 mentem
1095 1572 1263 1610 venit.“
1314 1569 1435 1609 Haec
1454 1567 1687 1608 Fabricius.
