<?xml version="1.0" encoding="UTF-8"?>
<!DOCTYPE html PUBLIC "-//W3C//DTD XHTML 1.0 Transitional//EN"
    "http://www.w3.org/TR/xhtml1/DTD/xhtml1-transitional.dtd">
<html xmlns="http://www.w3.org/1999/xhtml" xml:lang="en" lang="en">
 <head>
  <title>
</title>
<meta http-equiv="Content-Type" content="text/html;charset=utf-8" />
  <meta name='ocr-system' content='tesseract 3.04.00' />
  <meta name='ocr-capabilities' content='ocr_page ocr_carea ocr_par ocr_line ocrx_word'/>
</head>
<body>
  <div class='ocr_page' id='page_1' title='image "./iambographorumpr00archuoft_0234.png"; bbox 0 0 1846 3308; ppageno 0'>
   <div class='ocr_carea' id='block_1_1' title="bbox 822 282 1188 330">
    <p class='ocr_par' dir='ltr' id='par_1_1' title="bbox 822 282 1188 330">
     <span class='ocr_line' id='line_1_1' title="bbox 822 282 1188 330; baseline 0.005 -22"><span class='ocrx_word' id='word_1_1' title='bbox 822 282 1188 330; x_wconf 73' lang='grc'><strong>...203-</strong></span> 
     </span>
    </p>
   </div>
   <div class='ocr_carea' id='block_1_2' title="bbox 305 400 1700 1007">
    <p class='ocr_par' dir='ltr' id='par_1_2' title="bbox 305 400 1700 622">
     <span class='ocr_line' id='line_1_2' title="bbox 308 400 1696 464; baseline 0.003 -14"><span class='ocrx_word' id='word_1_2' title='bbox 308 408 397 451; x_wconf 82' lang='grc' dir='ltr'>τῶν</span> <span class='ocrx_word' id='word_1_3' title='bbox 422 400 631 464; x_wconf 72' lang='grc' dir='ltr'>ἱμάτι’ων,</span> <span class='ocrx_word' id='word_1_4' title='bbox 663 404 1106 463; x_wconf 74' lang='grc' dir='ltr'>ἀντιλαμβανόμενος</span> <span class='ocrx_word' id='word_1_5' title='bbox 1125 407 1205 451; x_wconf 81' lang='grc' dir='ltr'>τοῦ</span> <span class='ocrx_word' id='word_1_6' title='bbox 1227 407 1418 464; x_wconf 74' lang='grc' dir='ltr'>γενείου,</span> <span class='ocrx_word' id='word_1_7' title='bbox 1458 409 1538 463; x_wconf 71' lang='grc' dir='ltr'>τὴν</span> <span class='ocrx_word' id='word_1_8' title='bbox 1565 409 1696 454; x_wconf 80' lang='grc' dir='ltr'>πλευ·</span> 
     </span>
     <span class='ocr_line' id='line_1_3' title="bbox 308 483 1700 545; baseline 0.002 -18"><span class='ocrx_word' id='word_1_9' title='bbox 308 486 385 544; x_wconf 79' lang='grc' dir='ltr'>ρὰν</span> <span class='ocrx_word' id='word_1_10' title='bbox 408 484 673 544; x_wconf 67' lang='grc' dir='ltr'>θυροκοπῶν</span> <span class='ocrx_word' id='word_1_11' title='bbox 696 485 754 542; x_wconf 67' lang='grc' dir='ltr'>τῇ</span> <span class='ocrx_word' id='word_1_12' title='bbox 772 484 904 542; x_wconf 76' lang='grc' dir='ltr'><em>χειρί.</em></span> <span class='ocrx_word' id='word_1_13' title='bbox 941 483 1078 535; x_wconf 85' lang='grc' dir='ltr'>Πόδες</span> <span class='ocrx_word' id='word_1_14' title='bbox 1099 483 1132 526; x_wconf 86' lang='grc' dir='ltr'>δ.</span> <span class='ocrx_word' id='word_1_15' title='bbox 1153 500 1194 528; x_wconf 80' lang='grc' dir='ltr'>κ.</span> <span class='ocrx_word' id='word_1_16' title='bbox 1212 501 1253 528; x_wconf 76' lang='grc' dir='ltr'>τ.</span> <span class='ocrx_word' id='word_1_17' title='bbox 1274 486 1393 528; x_wconf 79' lang='grc' dir='ltr'>κατὰ</span> <span class='ocrx_word' id='word_1_18' title='bbox 1410 485 1700 545; x_wconf 76' lang='grc' dir='ltr'>’Δρχίλοχον.</span> 
     </span>
     <span class='ocr_line' id='line_1_4' title="bbox 305 566 1394 622; baseline -0.001 -14"><span class='ocrx_word' id='word_1_19' title='bbox 305 568 454 608; x_wconf 87' lang='lat' dir='ltr'>Simile</span> <span class='ocrx_word' id='word_1_20' title='bbox 477 567 584 621; x_wconf 89' lang='lat' dir='ltr'>quid</span> <span class='ocrx_word' id='word_1_21' title='bbox 604 566 736 607; x_wconf 88' lang='lat' dir='ltr'>habet</span> <span class='ocrx_word' id='word_1_22' title='bbox 758 568 972 607; x_wconf 82' lang='lat' dir='ltr'><strong>Homerus</strong></span> <span class='ocrx_word' id='word_1_23' title='bbox 995 568 1149 622; x_wconf 84' lang='lat' dir='ltr'>Odyss.</span> <span class='ocrx_word' id='word_1_24' title='bbox 1178 579 1219 604; x_wconf 81' lang='grc' dir='ltr'>α.</span> <span class='ocrx_word' id='word_1_25' title='bbox 1247 581 1285 607; x_wconf 84' lang='grc' dir='ltr'>ν.</span> <span class='ocrx_word' id='word_1_26' title='bbox 1309 568 1394 613; x_wconf 81' lang='lat'>165.</span> 
     </span>
    </p>

    <p class='ocr_par' dir='ltr' id='par_1_3' title="bbox 381 639 1426 698">
     <span class='ocr_line' id='line_1_5' title="bbox 381 639 1426 698; baseline -0.002 -13"><span class='ocrx_word' id='word_1_27' title='bbox 381 643 445 685; x_wconf 84' lang='grc' dir='ltr'>-Εἰ</span> <span class='ocrx_word' id='word_1_28' title='bbox 473 640 615 685; x_wconf 79' lang='grc' dir='ltr'>κεῖνόν</span> <span class='ocrx_word' id='word_1_29' title='bbox 646 640 687 698; x_wconf 66' lang='grc' dir='ltr'>’γ’</span> <span class='ocrx_word' id='word_1_30' title='bbox 714 639 941 698; x_wconf 73' lang='grc' dir='ltr'>Ἰθάκηνδε</span> <span class='ocrx_word' id='word_1_31' title='bbox 970 640 1136 685; x_wconf 81' lang='grc' dir='ltr'><em>ἰδοίατο</em></span> <span class='ocrx_word' id='word_1_32' title='bbox 1169 641 1426 697; x_wconf 78' lang='grc' dir='ltr'>νοςὴσαντα,</span> 
     </span>
    </p>

    <p class='ocr_par' dir='ltr' id='par_1_4' title="bbox 388 714 1587 777">
     <span class='ocr_line' id='line_1_6' title="bbox 388 714 1587 777; baseline -0.001 -14"><span class='ocrx_word' id='word_1_33' title='bbox 388 718 560 773; x_wconf 75' lang='grc' dir='ltr'>Πάντες</span> <span class='ocrx_word' id='word_1_34' title='bbox 593 723 634 762; x_wconf 81' lang='grc' dir='ltr'>κ’</span> <span class='ocrx_word' id='word_1_35' title='bbox 662 717 892 776; x_wconf 68' lang='grc' dir='ltr'><strong><em>ἀρησαίατ’</em></strong></span> <span class='ocrx_word' id='word_1_36' title='bbox 927 717 1222 777; x_wconf 73' lang='grc' dir='ltr'><em>ἐλαφρότεροι</em></span> <span class='ocrx_word' id='word_1_37' title='bbox 1253 718 1387 770; x_wconf 81' lang='grc' dir='ltr'><strong><em>πόδας</em></strong></span> <span class='ocrx_word' id='word_1_38' title='bbox 1417 714 1548 770; x_wconf 78' lang='grc' dir='ltr'>εἶναι,</span> <span class='ocrx_word' id='word_1_39' title='bbox 1575 748 1587 762; x_wconf 86' lang='grc'><strong>.</strong></span> 
     </span>
    </p>

    <p class='ocr_par' dir='ltr' id='par_1_5' title="bbox 381 796 1351 854">
     <span class='ocr_line' id='line_1_7' title="bbox 381 796 1351 854; baseline -0.001 -13"><span class='ocrx_word' id='word_1_40' title='bbox 381 797 445 841; x_wconf 72' lang='lat' dir='ltr'>”H</span> <span class='ocrx_word' id='word_1_41' title='bbox 475 798 751 854; x_wconf 73' lang='grc' dir='ltr'><em>ἀφνειότεροι</em></span> <span class='ocrx_word' id='word_1_42' title='bbox 780 796 969 854; x_wconf 78' lang='grc' dir='ltr'>χρυσοῖό</span> <span class='ocrx_word' id='word_1_43' title='bbox 998 812 1048 839; x_wconf 84' lang='grc' dir='ltr'>τε</span> <span class='ocrx_word' id='word_1_44' title='bbox 1078 797 1262 853; x_wconf 74' lang='grc' dir='ltr'>ἐσθῆτός</span> <span class='ocrx_word' id='word_1_45' title='bbox 1288 813 1351 840; x_wconf 79' lang='grc' dir='ltr'>τε.</span> 
     </span>
    </p>

    <p class='ocr_par' dir='ltr' id='par_1_6' title="bbox 416 874 1699 933">
     <span class='ocr_line' id='line_1_8' title="bbox 416 874 1699 933; baseline 0 -14"><span class='ocrx_word' id='word_1_46' title='bbox 416 877 493 920; x_wconf 75' lang='lat'>116</span> <span class='ocrx_word' id='word_1_47' title='bbox 506 876 586 926; x_wconf 82' lang='grc' dir='ltr'>δες</span> <span class='ocrx_word' id='word_1_48' title='bbox 627 874 697 931; x_wconf 78' lang='grc' dir='ltr'>δή.</span> <span class='ocrx_word' id='word_1_49' title='bbox 725 879 811 920; x_wconf 91' lang='lat' dir='ltr'>Alii</span> <span class='ocrx_word' id='word_1_50' title='bbox 839 874 895 917; x_wconf 82' lang='grc' dir='ltr'>δέ.</span> <span class='ocrx_word' id='word_1_51' title='bbox 947 880 1137 919; x_wconf 88' lang='lat' dir='ltr'>Metrum</span> <span class='ocrx_word' id='word_1_52' title='bbox 1164 879 1302 918; x_wconf 86' lang='lat' dir='ltr'>simile</span> <span class='ocrx_word' id='word_1_53' title='bbox 1327 880 1479 932; x_wconf 83' lang='lat' dir='ltr'><strong>fragm.</strong></span> <span class='ocrx_word' id='word_1_54' title='bbox 1506 893 1552 933; x_wconf 88' lang='lat'>91</span> <span class='ocrx_word' id='word_1_55' title='bbox 1577 890 1618 919; x_wconf 88' lang='lat' dir='ltr'>et</span> <span class='ocrx_word' id='word_1_56' title='bbox 1635 893 1699 932; x_wconf 81' lang='lat'>92.</span> 
     </span>
    </p>

    <p class='ocr_par' dir='ltr' id='par_1_7' title="bbox 305 952 1699 1007">
     <span class='ocr_line' id='line_1_9' title="bbox 305 952 1699 1007; baseline -0.002 -12"><span class='ocrx_word' id='word_1_57' title='bbox 305 958 499 1007; x_wconf 85' lang='lat' dir='ltr'>Apparet</span> <span class='ocrx_word' id='word_1_58' title='bbox 532 963 709 1006; x_wconf 89' lang='lat' dir='ltr'>poetam</span> <span class='ocrx_word' id='word_1_59' title='bbox 742 952 798 992; x_wconf 89' lang='lat' dir='ltr'>de</span> <span class='ocrx_word' id='word_1_60' title='bbox 827 953 931 1007; x_wconf 86' lang='lat' dir='ltr'>fuga</span> <span class='ocrx_word' id='word_1_61' title='bbox 958 954 1142 1006; x_wconf 85' lang='lat' dir='ltr'>periculi</span> <span class='ocrx_word' id='word_1_62' title='bbox 1176 952 1246 993; x_wconf 84' lang='lat' dir='ltr'>vel</span> <span class='ocrx_word' id='word_1_63' title='bbox 1274 955 1571 1006; x_wconf 86' lang='lat' dir='ltr'>cuiuscunque</span> <span class='ocrx_word' id='word_1_64' title='bbox 1598 953 1699 992; x_wconf 86' lang='lat' dir='ltr'>mali</span> 
     </span>
    </p>
   </div>
   <div class='ocr_carea' id='block_1_3' title="bbox 301 1030 624 1069">
    <p class='ocr_par' dir='ltr' id='par_1_8' title="bbox 301 1030 624 1069">
     <span class='ocr_line' id='line_1_10' title="bbox 301 1030 624 1069; baseline -0.012 0"><span class='ocrx_word' id='word_1_65' title='bbox 301 1030 499 1069; x_wconf 71' lang='lat' dir='ltr'>locutum</span> <span class='ocrx_word' id='word_1_66' title='bbox 520 1041 624 1068; x_wconf 85' lang='lat' dir='ltr'>esse.</span> 
     </span>
    </p>
   </div>
   <div class='ocr_carea' id='block_1_4' title="bbox 914 1272 1082 1317">
    <p class='ocr_par' dir='ltr' id='par_1_9' title="bbox 914 1272 1082 1317">
     <span class='ocr_line' id='line_1_11' title="bbox 914 1272 1082 1317; baseline -0.006 -1"><span class='ocrx_word' id='word_1_67' title='bbox 914 1272 1082 1317; x_wconf 88' lang='lat' dir='ltr'>XCIV.</span> 
     </span>
    </p>
   </div>
   <div class='ocr_carea' id='block_1_5' title="bbox 403 1367 1594 1587">
    <p class='ocr_par' dir='ltr' id='par_1_10' title="bbox 403 1367 1594 1587">
     <span class='ocr_line' id='line_1_12' title="bbox 403 1367 1399 1441; baseline 0 -21"><span class='ocrx_word' id='word_1_68' title='bbox 403 1372 590 1439; x_wconf 84' lang='grc' dir='ltr'><strong><em>Ὀγμός</em></strong></span> <span class='ocrx_word' id='word_1_69' title='bbox 625 1370 795 1420; x_wconf 84' lang='grc' dir='ltr'><em>κακοῦ</em></span> <span class='ocrx_word' id='word_1_70' title='bbox 843 1367 901 1420; x_wconf 77' lang='grc' dir='ltr'>δὲ</span> <span class='ocrx_word' id='word_1_71' title='bbox 934 1368 1129 1441; x_wconf 73' lang='grc' dir='ltr'><strong><em>γήραος</em></strong></span> <span class='ocrx_word' id='word_1_72' title='bbox 1173 1368 1399 1432; x_wconf 71' lang='grc' dir='ltr'>καθήκει.</span> 
     </span>
     <span class='ocr_line' id='line_1_13' title="bbox 406 1536 1594 1587; baseline -0.003 0"><span class='ocrx_word' id='word_1_73' title='bbox 406 1538 562 1587; x_wconf 85' lang='lat' dir='ltr'>Series</span> <span class='ocrx_word' id='word_1_74' title='bbox 605 1539 858 1587; x_wconf 85' lang='lat' dir='ltr'>malorum</span> <span class='ocrx_word' id='word_1_75' title='bbox 903 1549 1211 1586; x_wconf 88' lang='lat' dir='ltr'>senectutem</span> <span class='ocrx_word' id='word_1_76' title='bbox 1255 1536 1594 1586; x_wconf 85' lang='lat' dir='ltr'>circumvenit.</span> 
     </span>
    </p>
   </div>
   <div class='ocr_carea' id='block_1_6' title="bbox 293 1699 1698 2837">
    <p class='ocr_par' dir='ltr' id='par_1_11' title="bbox 297 1699 1698 2140">
     <span class='ocr_line' id='line_1_14' title="bbox 403 1699 1696 1760; baseline -0.004 -13"><span class='ocrx_word' id='word_1_77' title='bbox 403 1706 670 1760; x_wconf 81' lang='lat' dir='ltr'>Hephaestio</span> <span class='ocrx_word' id='word_1_78' title='bbox 694 1722 736 1760; x_wconf 88' lang='lat' dir='ltr'>p.</span> <span class='ocrx_word' id='word_1_79' title='bbox 760 1708 819 1747; x_wconf 88' lang='lat'>16.</span> <span class='ocrx_word' id='word_1_80' title='bbox 848 1707 925 1746; x_wconf 88' lang='lat' dir='ltr'>ubi</span> <span class='ocrx_word' id='word_1_81' title='bbox 954 1706 1009 1746; x_wconf 89' lang='lat' dir='ltr'>de</span> <span class='ocrx_word' id='word_1_82' title='bbox 1039 1708 1183 1746; x_wconf 88' lang='lat' dir='ltr'>metris</span> <span class='ocrx_word' id='word_1_83' title='bbox 1212 1705 1406 1745; x_wconf 85' lang='lat' dir='ltr'>iambicis</span> <span class='ocrx_word' id='word_1_84' title='bbox 1437 1709 1548 1760; x_wconf 75' lang='lat' dir='ltr'>agit:</span> <span class='ocrx_word' id='word_1_85' title='bbox 1597 1699 1696 1758; x_wconf 76' lang='grc' dir='ltr'><strong><em>Τρί-</em></strong></span> 
     </span>
     <span class='ocr_line' id='line_1_15' title="bbox 301 1777 1698 1839; baseline -0.001 -16"><span class='ocrx_word' id='word_1_86' title='bbox 301 1796 489 1839; x_wconf 76' lang='grc' dir='ltr'>μετρον,</span> <span class='ocrx_word' id='word_1_87' title='bbox 530 1777 620 1824; x_wconf 77' lang='grc' dir='ltr'>οἷον</span> <span class='ocrx_word' id='word_1_88' title='bbox 641 1780 694 1824; x_wconf 79' lang='grc' dir='ltr'>τὸ</span> <span class='ocrx_word' id='word_1_89' title='bbox 726 1780 806 1824; x_wconf 79' lang='grc' dir='ltr'>τοῦ</span> <span class='ocrx_word' id='word_1_90' title='bbox 832 1777 1138 1836; x_wconf 83' lang='grc' dir='ltr'><strong>’Δρχιλόχου·</strong></span> <span class='ocrx_word' id='word_1_91' title='bbox 1176 1778 1346 1835; x_wconf 73' lang='grc' dir='ltr'>Ὀγμὸς</span> <span class='ocrx_word' id='word_1_92' title='bbox 1379 1795 1419 1822; x_wconf 82' lang='grc' dir='ltr'>κ.</span> <span class='ocrx_word' id='word_1_93' title='bbox 1452 1795 1493 1822; x_wconf 77' lang='grc' dir='ltr'>τ.</span> <span class='ocrx_word' id='word_1_94' title='bbox 1528 1777 1573 1820; x_wconf 90' lang='grc' dir='ltr'>λ.</span> <span class='ocrx_word' id='word_1_95' title='bbox 1627 1783 1698 1821; x_wconf 88' lang='lat' dir='ltr'>Est</span> 
     </span>
     <span class='ocr_line' id='line_1_16' title="bbox 302 1855 1697 1915; baseline -0.003 -13"><span class='ocrx_word' id='word_1_96' title='bbox 302 1874 447 1902; x_wconf 87' lang='lat' dir='ltr'>autern</span> <span class='ocrx_word' id='word_1_97' title='bbox 466 1866 659 1902; x_wconf 87' lang='lat' dir='ltr'>trimeter</span> <span class='ocrx_word' id='word_1_98' title='bbox 681 1863 968 1911; x_wconf 80' lang='lat' dir='ltr'>catalecticus,</span> <span class='ocrx_word' id='word_1_99' title='bbox 993 1873 1040 1901; x_wconf 91' lang='lat' dir='ltr'>ut</span> <span class='ocrx_word' id='word_1_100' title='bbox 1061 1866 1108 1901; x_wconf 91' lang='lat' dir='ltr'>in</span> <span class='ocrx_word' id='word_1_101' title='bbox 1126 1863 1275 1915; x_wconf 75' lang='lat' dir='ltr'>fragm.</span> <span class='ocrx_word' id='word_1_102' title='bbox 1296 1863 1359 1902; x_wconf 88' lang='lat'>61.</span> <span class='ocrx_word' id='word_1_103' title='bbox 1386 1856 1575 1914; x_wconf 69' lang='grc' dir='ltr'>Πολλὴν</span> <span class='ocrx_word' id='word_1_104' title='bbox 1598 1855 1697 1899; x_wconf 79' lang='grc' dir='ltr'><strong><em>κατ’</em></strong></span> 
     </span>
     <span class='ocr_line' id='line_1_17' title="bbox 300 1933 1696 1994; baseline 0.001 -17"><span class='ocrx_word' id='word_1_105' title='bbox 300 1935 455 1992; x_wconf 75' lang='grc' dir='ltr'>ἀχλὺν</span> <span class='ocrx_word' id='word_1_106' title='bbox 478 1933 692 1994; x_wconf 80' lang='grc' dir='ltr'><strong><em>ὀμμάτων</em></strong></span> <span class='ocrx_word' id='word_1_107' title='bbox 715 1933 870 1992; x_wconf 76' lang='grc' dir='ltr'><em>ἔχευε,</em></span> <span class='ocrx_word' id='word_1_108' title='bbox 910 1952 954 1981; x_wconf 92' lang='lat' dir='ltr'>et</span> <span class='ocrx_word' id='word_1_109' title='bbox 983 1943 1097 1981; x_wconf 86' lang='lat' dir='ltr'>forte</span> <span class='ocrx_word' id='word_1_110' title='bbox 1130 1955 1181 1979; x_wconf 88' lang='lat' dir='ltr'>ex</span> <span class='ocrx_word' id='word_1_111' title='bbox 1211 1940 1367 1980; x_wconf 88' lang='lat' dir='ltr'>eodem</span> <span class='ocrx_word' id='word_1_112' title='bbox 1395 1940 1463 1979; x_wconf 90' lang='lat' dir='ltr'>vel</span> <span class='ocrx_word' id='word_1_113' title='bbox 1493 1939 1577 1979; x_wconf 88' lang='lat' dir='ltr'>alio</span> <span class='ocrx_word' id='word_1_114' title='bbox 1607 1953 1696 1978; x_wconf 87' lang='lat' dir='ltr'>car-</span> 
     </span>
     <span class='ocr_line' id='line_1_18' title="bbox 297 2013 1693 2066; baseline -0.001 -14"><span class='ocrx_word' id='word_1_115' title='bbox 297 2016 418 2053; x_wconf 84' lang='lat' dir='ltr'>mine</span> <span class='ocrx_word' id='word_1_116' title='bbox 445 2013 645 2066; x_wconf 88' lang='lat' dir='ltr'>epodico.</span> <span class='ocrx_word' id='word_1_117' title='bbox 699 2013 787 2052; x_wconf 88' lang='lat' dir='ltr'>Sed</span> <span class='ocrx_word' id='word_1_118' title='bbox 806 2024 854 2053; x_wconf 91' lang='lat' dir='ltr'>ut</span> <span class='ocrx_word' id='word_1_119' title='bbox 873 2017 1104 2062; x_wconf 87' lang='lat' dir='ltr'>sententia,</span> <span class='ocrx_word' id='word_1_120' title='bbox 1127 2027 1258 2066; x_wconf 86' lang='lat' dir='ltr'>quam</span> <span class='ocrx_word' id='word_1_121' title='bbox 1277 2015 1475 2052; x_wconf 87' lang='lat' dir='ltr'>versione</span> <span class='ocrx_word' id='word_1_122' title='bbox 1495 2014 1693 2064; x_wconf 86' lang='lat' dir='ltr'>expressi,</span> 
     </span>
     <span class='ocr_line' id='line_1_19' title="bbox 299 2085 1011 2140; baseline 0.001 -15"><span class='ocrx_word' id='word_1_123' title='bbox 299 2085 534 2135; x_wconf 83' lang='lat' dir='ltr'>efficiatur,</span> <span class='ocrx_word' id='word_1_124' title='bbox 563 2086 799 2140; x_wconf 87' lang='lat' dir='ltr'>legendum</span> <span class='ocrx_word' id='word_1_125' title='bbox 821 2101 980 2127; x_wconf 85' lang='lat' dir='ltr'>censeo</span> <span class='ocrx_word' id='word_1_126' title='bbox 994 2102 1011 2138; x_wconf 74' lang='lat'>³.</span> 
     </span>
    </p>

    <p class='ocr_par' dir='ltr' id='par_1_12' title="bbox 295 2158 1692 2665">
     <span class='ocr_line' id='line_1_20' title="bbox 379 2158 1279 2218; baseline 0.002 -18"><span class='ocrx_word' id='word_1_127' title='bbox 379 2158 549 2217; x_wconf 76' lang='grc' dir='ltr'><strong><em>Ὀγμὸς</em></strong></span> <span class='ocrx_word' id='word_1_128' title='bbox 577 2160 728 2202; x_wconf 79' lang='grc' dir='ltr'>κακῶν</span> <span class='ocrx_word' id='word_1_129' title='bbox 760 2159 805 2203; x_wconf 79' lang='grc' dir='ltr'>δὲ</span> <span class='ocrx_word' id='word_1_130' title='bbox 834 2160 996 2218; x_wconf 76' lang='grc' dir='ltr'><strong><em>γήραος</em></strong></span> <span class='ocrx_word' id='word_1_131' title='bbox 1025 2160 1131 2204; x_wconf 70' lang='grc' dir='ltr'>κᾶθ’</span> <span class='ocrx_word' id='word_1_132' title='bbox 1169 2158 1279 2218; x_wconf 72' lang='grc' dir='ltr'><em>ἥκει.</em></span> 
     </span>
     <span class='ocr_line' id='line_1_21' title="bbox 297 2235 1690 2297; baseline 0 -18"><span class='ocrx_word' id='word_1_133' title='bbox 297 2235 351 2279; x_wconf 83' lang='lat' dir='ltr'>&#39;O</span> <span class='ocrx_word' id='word_1_134' title='bbox 364 2252 392 2292; x_wconf 76' lang='grc' dir='ltr'>γ</span> <span class='ocrx_word' id='word_1_135' title='bbox 405 2253 438 2293; x_wconf 77' lang='grc' dir='ltr'>μ</span> <span class='ocrx_word' id='word_1_136' title='bbox 451 2236 473 2279; x_wconf 84' lang='grc' dir='ltr'>ὸ</span> <span class='ocrx_word' id='word_1_137' title='bbox 490 2253 505 2288; x_wconf 86' lang='grc' dir='ltr'><strong>ς</strong></span> <span class='ocrx_word' id='word_1_138' title='bbox 537 2252 641 2279; x_wconf 71' lang='lat' dir='ltr'>nan</span> <span class='ocrx_word' id='word_1_139' title='bbox 655 2237 687 2278; x_wconf 81' lang='grc' dir='ltr'>ὦ</span> <span class='ocrx_word' id='word_1_140' title='bbox 701 2253 722 2280; x_wconf 92' lang='grc' dir='ltr'>ν</span> <span class='ocrx_word' id='word_1_141' title='bbox 748 2243 947 2297; x_wconf 86' lang='lat' dir='ltr'>intelligo</span> <span class='ocrx_word' id='word_1_142' title='bbox 968 2245 1171 2284; x_wconf 82' lang='lat' dir='ltr'>translate</span> <span class='ocrx_word' id='word_1_143' title='bbox 1193 2244 1355 2283; x_wconf 84' lang='lat' dir='ltr'>malum</span> <span class='ocrx_word' id='word_1_144' title='bbox 1375 2239 1495 2282; x_wconf 87' lang='lat' dir='ltr'>aliud</span> <span class='ocrx_word' id='word_1_145' title='bbox 1516 2253 1566 2279; x_wconf 87' lang='lat' dir='ltr'>ex</span> <span class='ocrx_word' id='word_1_146' title='bbox 1589 2238 1690 2287; x_wconf 87' lang='lat' dir='ltr'>alio,</span> 
     </span>
     <span class='ocr_line' id='line_1_22' title="bbox 300 2310 1691 2372; baseline -0.001 -15"><span class='ocrx_word' id='word_1_147' title='bbox 300 2323 424 2372; x_wconf 86' lang='lat' dir='ltr'>quasi</span> <span class='ocrx_word' id='word_1_148' title='bbox 469 2323 722 2358; x_wconf 88' lang='lat' dir='ltr'>continuam</span> <span class='ocrx_word' id='word_1_149' title='bbox 767 2321 982 2360; x_wconf 88' lang='lat' dir='ltr'>malorum</span> <span class='ocrx_word' id='word_1_150' title='bbox 1026 2325 1193 2360; x_wconf 75' lang='lat' dir='ltr'>serIem.</span> <span class='ocrx_word' id='word_1_151' title='bbox 1231 2321 1411 2370; x_wconf 85' lang='lat' dir='ltr'>Proprie</span> <span class='ocrx_word' id='word_1_152' title='bbox 1449 2310 1609 2370; x_wconf 77' lang='grc' dir='ltr'><strong><em>ὂγμός.</em></strong></span> <span class='ocrx_word' id='word_1_153' title='bbox 1666 2310 1691 2369; x_wconf 70' lang='grc' dir='ltr'>ἦ</span> 
     </span>
     <span class='ocr_line' id='line_1_23' title="bbox 297 2385 1688 2453; baseline -0.006 -11"><span class='ocrx_word' id='word_1_154' title='bbox 297 2385 459 2447; x_wconf 63' lang='grc' dir='ltr'><em>ἑφεξῆς</em></span> <span class='ocrx_word' id='word_1_155' title='bbox 480 2392 659 2444; x_wconf 74' lang='grc' dir='ltr'><strong><em>φυτεία,</em></strong></span> <span class='ocrx_word' id='word_1_156' title='bbox 687 2398 871 2453; x_wconf 83' lang='lat' dir='ltr'>Hesych.</span> <span class='ocrx_word' id='word_1_157' title='bbox 889 2399 1085 2439; x_wconf 87' lang='lat' dir='ltr'>Analect.</span> <span class='ocrx_word' id='word_1_158' title='bbox 1104 2400 1155 2438; x_wconf 89' lang='lat' dir='ltr'>T.</span> <span class='ocrx_word' id='word_1_159' title='bbox 1174 2399 1247 2437; x_wconf 92' lang='grc' dir='ltr'><strong>ΙΙΙ.</strong></span> <span class='ocrx_word' id='word_1_160' title='bbox 1265 2399 1409 2450; x_wconf 85' lang='lat' dir='ltr'>Epigr.</span> <span class='ocrx_word' id='word_1_161' title='bbox 1432 2410 1519 2448; x_wconf 86' lang='lat'>271.</span> <span class='ocrx_word' id='word_1_162' title='bbox 1543 2411 1585 2448; x_wconf 87' lang='lat' dir='ltr'>p.</span> <span class='ocrx_word' id='word_1_163' title='bbox 1602 2409 1688 2447; x_wconf 84' lang='lat'>207.</span> 
     </span>
     <span class='ocr_line' id='line_1_24' title="bbox 295 2467 1692 2526; baseline 0 -15"><span class='ocrx_word' id='word_1_164' title='bbox 295 2467 433 2526; x_wconf 80' lang='grc' dir='ltr'><strong>ὄγμὸς</strong></span> <span class='ocrx_word' id='word_1_165' title='bbox 459 2467 647 2512; x_wconf 81' lang='grc' dir='ltr'>ὀδόντων</span> <span class='ocrx_word' id='word_1_166' title='bbox 677 2485 740 2514; x_wconf 89' lang='lat' dir='ltr'>est</span> <span class='ocrx_word' id='word_1_167' title='bbox 757 2479 965 2517; x_wconf 89' lang='lat' dir='ltr'>continua</span> <span class='ocrx_word' id='word_1_168' title='bbox 983 2479 1113 2515; x_wconf 88' lang='lat' dir='ltr'>series</span> <span class='ocrx_word' id='word_1_169' title='bbox 1134 2475 1344 2514; x_wconf 86' lang='lat' dir='ltr'>dentium.</span> <span class='ocrx_word' id='word_1_170' title='bbox 1375 2475 1554 2526; x_wconf 87' lang='lat' dir='ltr'>Proprie</span> <span class='ocrx_word' id='word_1_171' title='bbox 1574 2472 1692 2525; x_wconf 88' lang='lat' dir='ltr'>apud</span> 
     </span>
     <span class='ocr_line' id='line_1_25' title="bbox 297 2545 1691 2606; baseline 0 -15"><span class='ocrx_word' id='word_1_172' title='bbox 297 2552 538 2591; x_wconf 87' lang='lat' dir='ltr'>Homerum</span> <span class='ocrx_word' id='word_1_173' title='bbox 556 2551 606 2592; x_wconf 83' lang='grc' dir='ltr'>ΙΙ.</span> <span class='ocrx_word' id='word_1_174' title='bbox 634 2545 679 2589; x_wconf 89' lang='grc' dir='ltr'>λ.</span> <span class='ocrx_word' id='word_1_175' title='bbox 704 2566 743 2593; x_wconf 87' lang='lat' dir='ltr'>v.</span> <span class='ocrx_word' id='word_1_176' title='bbox 762 2554 825 2599; x_wconf 87' lang='grc'>68.</span> <span class='ocrx_word' id='word_1_177' title='bbox 851 2563 891 2592; x_wconf 91' lang='grc' dir='ltr'>σ.</span> <span class='ocrx_word' id='word_1_178' title='bbox 910 2568 947 2594; x_wconf 89' lang='lat' dir='ltr'>v.</span> <span class='ocrx_word' id='word_1_179' title='bbox 966 2555 1064 2606; x_wconf 82' lang='grc'>546,</span> <span class='ocrx_word' id='word_1_180' title='bbox 1092 2561 1167 2604; x_wconf 85' lang='lat'>52,</span> <span class='ocrx_word' id='word_1_181' title='bbox 1195 2561 1258 2606; x_wconf 88' lang='lat'>57.</span> <span class='ocrx_word' id='word_1_182' title='bbox 1280 2552 1357 2593; x_wconf 90' lang='lat' dir='ltr'>ubi</span> <span class='ocrx_word' id='word_1_183' title='bbox 1373 2553 1499 2592; x_wconf 85' lang='lat' dir='ltr'>liram</span> <span class='ocrx_word' id='word_1_184' title='bbox 1517 2551 1587 2592; x_wconf 87' lang='lat' dir='ltr'>vel</span> <span class='ocrx_word' id='word_1_185' title='bbox 1604 2550 1691 2591; x_wconf 87' lang='lat' dir='ltr'>sul·</span> 
     </span>
     <span class='ocr_line' id='line_1_26' title="bbox 295 2634 550 2665; baseline 0.008 -2"><span class='ocrx_word' id='word_1_186' title='bbox 295 2638 393 2663; x_wconf 77' lang='lat' dir='ltr'>eum</span> <span class='ocrx_word' id='word_1_187' title='bbox 413 2634 550 2665; x_wconf 84' lang='lat' dir='ltr'>notat.</span> 
     </span>
    </p>

    <p class='ocr_par' dir='ltr' id='par_1_13' title="bbox 293 2696 1689 2837">
     <span class='ocr_line' id='line_1_27' title="bbox 399 2696 1689 2758; baseline -0.001 -18"><span class='ocrx_word' id='word_1_188' title='bbox 399 2697 478 2754; x_wconf 76' lang='grc' dir='ltr'><em>Γὴ</em></span> <span class='ocrx_word' id='word_1_189' title='bbox 494 2713 516 2755; x_wconf 79' lang='grc' dir='ltr'><em>ρ</em></span> <span class='ocrx_word' id='word_1_190' title='bbox 528 2714 556 2741; x_wconf 79' lang='grc' dir='ltr'><strong><em>α</em></strong></span> <span class='ocrx_word' id='word_1_191' title='bbox 568 2714 590 2742; x_wconf 87' lang='grc' dir='ltr'>ο</span> <span class='ocrx_word' id='word_1_192' title='bbox 603 2714 622 2751; x_wconf 86' lang='grc' dir='ltr'><strong><em>ς</em></strong></span> <span class='ocrx_word' id='word_1_193' title='bbox 657 2714 685 2742; x_wconf 80' lang='grc' dir='ltr'>κ</span> <span class='ocrx_word' id='word_1_194' title='bbox 698 2697 781 2743; x_wconf 71' lang='grc' dir='ltr'>ἅθ’</span> <span class='ocrx_word' id='word_1_195' title='bbox 819 2696 885 2758; x_wconf 72' lang='grc' dir='ltr'>ἥκ</span> <span class='ocrx_word' id='word_1_196' title='bbox 897 2716 917 2743; x_wconf 81' lang='grc' dir='ltr'><em>ε</em></span> <span class='ocrx_word' id='word_1_197' title='bbox 930 2717 957 2743; x_wconf 83' lang='grc' dir='ltr'>ι.</span> <span class='ocrx_word' id='word_1_198' title='bbox 998 2707 1068 2745; x_wconf 89' lang='lat' dir='ltr'>Sic</span> <span class='ocrx_word' id='word_1_199' title='bbox 1086 2704 1365 2746; x_wconf 78' lang='lat' dir='ltr'>scribendum</span> <span class='ocrx_word' id='word_1_200' title='bbox 1385 2716 1477 2743; x_wconf 89' lang='lat' dir='ltr'>esse</span> <span class='ocrx_word' id='word_1_201' title='bbox 1495 2703 1689 2742; x_wconf 84' lang='lat' dir='ltr'>existimo</span> 
     </span>
     <span class='ocr_line' id='line_1_28' title="bbox 293 2775 1689 2837; baseline -0.001 -19"><span class='ocrx_word' id='word_1_202' title='bbox 293 2791 374 2829; x_wconf 85' lang='lat' dir='ltr'>pro</span> <span class='ocrx_word' id='word_1_203' title='bbox 397 2775 516 2818; x_wconf 77' lang='grc' dir='ltr'><strong><em>κατὰ</em></strong></span> <span class='ocrx_word' id='word_1_204' title='bbox 538 2777 620 2821; x_wconf 80' lang='grc' dir='ltr'>τοῦ</span> <span class='ocrx_word' id='word_1_205' title='bbox 642 2777 801 2836; x_wconf 75' lang='grc' dir='ltr'><em>γήραος</em></span> <span class='ocrx_word' id='word_1_206' title='bbox 825 2775 944 2836; x_wconf 70' lang='grc' dir='ltr'><em>ἥκει,</em></span> <span class='ocrx_word' id='word_1_207' title='bbox 974 2784 1096 2837; x_wconf 84' lang='lat' dir='ltr'>quod</span> <span class='ocrx_word' id='word_1_208' title='bbox 1114 2784 1320 2824; x_wconf 84' lang='lat' dir='ltr'>Horatius</span> <span class='ocrx_word' id='word_1_209' title='bbox 1340 2785 1387 2822; x_wconf 86' lang='lat' dir='ltr'>in</span> <span class='ocrx_word' id='word_1_210' title='bbox 1405 2790 1495 2821; x_wconf 80' lang='lat' dir='ltr'>arte</span> <span class='ocrx_word' id='word_1_211' title='bbox 1515 2780 1689 2832; x_wconf 84' lang='lat' dir='ltr'>poetica</span> 
     </span>
    </p>
   </div>
  </div>
 </body>
</html>
