1846 3308
285 304 302 324 ι
677 276 1050 327 -169-

161 410 296 455 τοῦτο
324 406 581 468 παρῴδηκεν
607 405 655 450 ἐκ
676 404 766 448 τῶν
787 401 1069 462 ’Δρχιλόχου
1101 400 1277 457 ἐπῳδῶν
1305 404 1412 457 (pro
1439 398 1565 443 ἐπῶν

162 491 406 543 Huschke)·
434 483 618 529 Τοιάνδε
636 483 687 531 δ’,
718 474 755 525 ὦ
774 497 816 524 κ.
837 497 879 524 τ.
901 478 946 522 λ.
986 485 1114 523 Putat
1138 483 1315 536 quidem
1336 481 1558 532 Huschke,

127 595 133 606 .
164 574 292 609 etiam
304 583 342 609 v.
359 583 374 608 1
386 582 443 621 ¹9·
456 556 525 606 ἴΩ,
543 557 857 619 θερμόβουλον
872 555 1076 615 πρωκτὸν
1095 550 1346 612 ἐξυρημένε,
1364 569 1407 598 et
1417 573 1455 598 v.
1471 572 1558 600 121.

162 636 395 700 Εὖνοῢχος
423 640 524 698 ἡμῖν
553 632 594 696 ἦ.
627 639 717 682 ἐσκ.
754 641 810 681 ad
838 639 955 680 hunc
979 636 1228 678 Archilochi
1253 637 1400 676 locum
1426 641 1562 690 perti·

162 731 295 767 nere,
332 718 410 758 sed
434 720 554 770 prior
578 729 617 754 v,
647 728 731 766 ¹19·
761 723 824 754 est
850 712 1032 765 parodia
1058 709 1289 766 Euripidis.
1345 709 1411 749 Ita
1440 714 1558 749 enim

163 798 224 837 ibi
259 795 537 836 Scholiastes:
570 780 642 830 *Ω
678 784 1016 845 θερμόβουλον·
1057 782 1256 842 παρῳδῖᾳ
1283 783 1466 839 χρῆται.
1497 781 1560 836 ἔςι

163 872 250 928 γὰρ
292 869 336 912 ἐν
372 869 432 924 τῆ
458 866 629 925 Μηδείᾳ
660 862 921 923 Εὐριπίδου·
960 853 1000 906 αἶ
1034 858 1347 919 ,θερμόβουλον
1389 859 1558 917 σπλάγ-

163 963 290 1006 χνον.
320 938 449 995 οὗτος
478 937 557 988 οὖν
586 942 804 987 σκώπτων
826 935 1062 1000 Εὐριπίδην
1084 938 1333 997 προσέθηκε
1354 938 1561 998 πρωκτὸν

163 1025 284 1088 rep&
328 1023 605 1082 προσδοκίαν.
679 1027 838 1079 Neque
877 1027 1006 1064 etiam
1040 1025 1257 1075 posterior
1294 1034 1379 1060 121.
1414 1024 1560 1073 potius

162 1101 412 1143 Archilochi
448 1115 579 1155 quam
613 1097 909 1151 Aristophanis
948 1109 1039 1136 esse
1074 1094 1268 1145 videtur3
1306 1092 1558 1134 scholiastes

165 1175 318 1215 saltem
346 1188 446 1213 eum
472 1172 656 1226 parodia
682 1185 777 1212 non
804 1171 1117 1223 complectitur.

798 1415 925 1460 LXI.

169 1515 323 1576 Τοῖος
353 1515 459 1586 γὰρ
495 1514 778 1580 φιλότητος
809 1513 941 1584 ἔρως
971 1510 1072 1561 ὑπὸ
1090 1510 1301 1579 καρδίην
1326 1508 1562 1570 ἐλυσθείς

306 1604 515 1667 Πολλὴν
551 1605 666 1655 κατ’
701 1602 876 1668 ἀχλὺν
915 1601 1169 1666 ὀμμάτων
1205 1599 1376 1665 ἔχευε,

170 1693 388 1762 Κλέψας
424 1693 479 1747 ἐκ
515 1695 711 1759 ςηθέων
750 1692 956 1752 ἁπαλὰς
991 1690 1182 1762 φρένας
1207 1720 1279 1731 -
1305 1717 1371 1728 -
1398 1719 1496 1740 -.

613 1866 767 1905 Versio
797 1865 938 1904 Grotii
966 1877 1008 1916 p.
1038 1864 1125 1903 262.

174 1941 369 2007 Quippe
403 1957 517 1989 meo
550 1941 627 1988 vis
656 1953 800 1988 -tanta
842 1939 1091 2003 cupidinis
1125 1937 1360 1985 involuta
1392 1936 1531 1984 cordi

308 2030 503 2079 offudit
538 2044 665 2079 atras
703 2031 836 2078 visui
870 2028 1117 2086 tenebras,

174 2125 402 2169 Mentem
432 2122 593 2185 ipsam
628 2122 822 2184 rapiens
859 2138 885 2168 e
917 2129 1116 2184 pectore
1152 2143 1220 2153 —
1251 2131 1334 2154 —'
1354 2145 1445 2165 —.

176 2286 296 2324 (θεοῖ.
319 2295 353 2324 p.
370 2285 437 2319 265.
458 2284 609 2314 Brunck
628 2286 665 2314 T.
684 2285 711 2313 1.
740 2293 774 2321 p.
794 2286 843 2319 44.
871 2280 916 2311 fr.
936 2285 984 2317 ²¹}-
1008 2281 1130 2310 Iacobs
1149 2281 1228 2311 Vol.
1245 2283 1272 2311 Ι.
1305 2283 1342 2311 Ρ.
1362 2282 1391 2312 1.
1420 2292 1454 2322 p.
1478 2282 1567 2321 166.)

275 2345 487 2385 Stobaeus
523 2345 719 2384 Sermon.
740 2343 869 2382 LXII.
910 2356 952 2394 p.
970 2349 1060 2392 397.
1125 2341 1195 2380 De
1231 2340 1410 2381 artificio
1447 2355 1567 2387 vero,

182 2431 269 2470 quo
291 2431 463 2457 carmen
487 2416 573 2457 hoc
603 2419 888 2470 compositum
917 2424 1003 2462 est,
1030 2413 1274 2454 Victorinus
1304 2428 1346 2466 p.
1368 2415 1481 2459 2566.
1509 2418 1570 2454 ita

182 2489 371 2529 disserit:
400 2490 575 2543 Quanta
605 2500 749 2529 autem
782 2499 826 2528 et
853 2502 982 2541 quam
1011 2487 1233 2538 profunda
1264 2490 1362 2526 artis
1392 2490 1574 2526 scientia

181 2565 229 2600 in
260 2559 342 2601 hac
374 2563 506 2615 epodi
536 2563 819 2603 conclusione
846 2559 1129 2601 Archilochus
1149 2573 1255 2607 -usus
1282 2563 1359 2607 sit,
1395 2562 1576 2598 interest

185 2634 342 2674 dicere.
392 2635 504 2674 Nam
527 2650 624 2674 cum
651 2639 894 2674 aestimaret
913 2636 1098 2686 primum
1116 2647 1309 2679 versum,
1339 2635 1457 2670 cuius
1487 2634 1576 2683 pri-

183 2720 254 2745 ma
271 2708 418 2758 portio
442 2718 610 2748 constat
626 2721 676 2747 ex
694 2696 1123 2752 heroo‘tetrametrm
1152 2705 1301 2746 idest:
1330 2704 1578 2743 Solvitur

187 2780 331 2819 acris
359 2776 544 2832 hyems
572 2789 723 2834 grata
748 2783 894 2825 vice,
923 2789 967 2817 et
985 2786 1243 2829 sequentem
1266 2775 1473 2829 epodum,
1501 2778 1577 2829 qui
