1846 3308
261 441 308 484 c)
340 438 533 476 Victorin.
559 451 597 487 p.
625 443 727 481 1552.
769 437 984 474 Terentian.
1010 449 1048 485 p.
1069 442 1174 480 2422.
1215 439 1425 474 Praemisso
1453 439 1564 475 hexa-

169 517 292 543 metro
319 506 468 542 dulcem
496 505 686 542 subnectit
711 504 876 553 epodon.
902 548 909 554 θ
935 504 1092 551 Quinct.
1110 506 1156 542 L.
1174 506 1223 542 X.
1257 518 1290 542 c.
1313 519 1344 544 ι.
1377 507 1563 545 Diomed.

168 577 214 613 L.
233 577 304 610 ΙΙΙ.
333 587 365 610 c.
387 587 418 609 1.
825 598 828 603 -

261 643 310 688 d)
344 639 531 677 Plutarch.
561 639 607 675 Τ.
627 639 678 675 Χ.
710 653 746 689 p.
766 639 846 684 680.
881 638 927 675 de
955 639 1116 677 Musica.
1149 640 1240 676 vide
1271 640 1371 676 infra
1400 642 1433 687 §.
1453 644 1561 683 XIV.

167 710 210 745 in
234 707 318 746 fine.
994 758 997 759 ⁷
1057 748 1059 750 ,

258 778 304 822 e)
337 775 400 811 Sic
429 774 531 810 enim
559 773 699 810 habent
729 773 801 809 tria
821 774 897 812 Ms.
928 763 1046 822 regia.
1078 794 1123 802 —
1147 775 1331 814 Ἐντείνειν
1361 787 1486 813 autem
1514 758 1559 815 de

168 842 441 893 componendis
470 841 646 878 versibus
679 842 855 890 usurpari
883 853 1021 878 notum
1051 853 1118 881 est.
1165 843 1274 880 Plato
1301 844 1345 879 in
1366 844 1556 882 Phaedon.

166 912 212 948 de
231 914 391 952 Socrate,
412 909 481 960 qui
499 908 641 958 Aesopi
662 908 840 957 quasdam
861 908 1004 946 fabulas
1021 910 1064 945 in
1083 923 1213 948 versus
1234 910 1391 961 redegit,
1419 927 1456 963 p.
1480 914 1556 958 156.

165 980 339 1024 Ἐντεῐνας
360 978 443 1024 τοὺς
459 985 522 1016 τοῦ
543 978 713 1015 Αἰσώπου
733 977 877 1024 λόγους.

751 1232 793 1296 ξ.
838 1236 970 1280 x111.

252 1332 515 1374 Plutarchus
558 1342 786 1386 praeterea
820 1330 1069 1372 Archilochi
1113 1335 1298 1374 inventis
1342 1339 1524 1387 poeticis
1537 1365 1553 1386 ,

160 1411 385 1447 musicisve
410 1407 686 1446 adnumerat:

265 1483 317 1536 ι)
354 1480 466 1536 Τὴν
515 1477 1077 1535 παρακαταλογὴυ.ἃ)
1155 1481 1275 1534 Quid
1306 1497 1409 1525 vero
1447 1483 1555 1525 haec

159 1556 517 1616 παρακαταλογὴ
554 1565 609 1602 sit
634 1564 681 1600 in
712 1574 760 1599 re
788 1562 951 1618 musica
977 1560 1046 1599 vel
1079 1564 1282 1608 metrica,
1333 1574 1427 1601 non
1454 1565 1554 1602 satis

162 1646 344 1685 constat,
370 1649 466 1675 cum
486 1632 595 1673 haec
611 1647 706 1681 vox,
732 1637 815 1672 nisi
832 1636 878 1672 in
896 1631 980 1672 hoc
998 1633 1115 1692 loco,
1137 1643 1181 1673 et
1198 1633 1317 1686 apud
1332 1633 1551 1674 Aristotel.

160 1708 377 1748 Problem.
398 1709 452 1748 V.
485 1718 587 1747 sect.
622 1707 736 1759 19.b)
764 1705 922 1745 nullibi
952 1705 1145 1746 adhibita
1170 1706 1241 1745 vel
1263 1709 1420 1746 usitata
1448 1707 1551 1747 alias

159 1781 230 1820 vel
250 1795 273 1820 a
293 1781 583 1820 Grammatico
605 1780 816 1832 explicata
837 1789 1048 1819 occurrat.
1109 1779 1341 1830 Burettec)
1370 1793 1420 1818 ex
1450 1779 1551 1819 loco

159 1853 399 1894 Aristotelis
424 1863 467 1893 et
488 1855 849 1905 interpretatione
869 1848 1013 1890 Gazae
1038 1851 1226 1906 colligit,
1260 1849 1373 1890 hanc
1400 1865 1552 1891 vocem

159 1924 428 1980 significare,
465 1935 515 1964 ut
537 1928 669 1977 ipsius
698 1924 839 1964 verbis
868 1934 987 1973 utar,
1022 1937 1094 1963 un
1122 1924 1213 1963 des
1228 1924 1393 1964 ordre
1421 1924 1552 1965 dans

157 1997 600 2051 l’arrangement
638 1997 730 2037 des
765 1983 893 2037 sons
935 2007 987 2036 et
1021 1996 1151 2036 dans
1186 1997 1236 2036 le
1272 1995 1550 2050 rhythme,

161 2068 283 2110 d'ou
308 2071 591 2110 resultoit
626 2083 732 2109 une
755 2067 1127 2112 modulation
1153 2069 1407 2122 inegale,
1436 2083 1553 2108 sca·

158 2142 384 2192 breuse,
421 2142 792 2191 heteroclite,
840 2151 892 2182 et
925 2136 1109 2194 par-la
1150 2133 1400 2180 d'autant
1426 2142 1551 2193 plus

156 2229 367 2268 propre
402 2229 470 2255 au
506 2220 799 2270 tragique,
858 2229 922 2254 au
957 2211 1314 2267 pathetique,
1353 2227 1554 2254 comme

157 2291 210 2331 le
247 2291 329 2331 dit
364 2292 549 2332 Aristo
564 2303 630 2332 te.
683 2293 828 2344 Atque
851 2290 952 2329 hinc
974 2290 1221 2339 concludit,
1250 2287 1330 2343 τὴν
1353 2303 1556 2344 παρακα-

157 2362 358 2421 ταλογὴν
390 2366 634 2409 Archilochi
664 2382 843 2424 quoque
871 2367 1154 2418 carminibus,
1202 2368 1359 2422 quibus
1391 2367 1551 2409 affectu

158 2436 484 2482 vehementiore
535 2448 774 2482 commotus
817 2445 864 2481 in
910 2441 1016 2480 alios
1065 2435 1374 2490 invehebatur,
1427 2453 1550 2482 tanto

158 2517 291 2568 magis
321 2516 451 2555 fuisse
478 2516 861 2555 accommodatam.
916 2514 1079 2552 Verum
1106 2508 1215 2553 haec
1232 2514 1398 2554 Buretti
1420 2516 1552 2567 expli-

161 2589 272 2625 catio
306 2587 375 2626 vel
416 2591 664 2628 coniectura
698 2592 790 2640 ipsa
822 2601 918 2626 cum
953 2585 1087 2625 dubia
1125 2596 1216 2633 tum
1255 2586 1440 2627 obscura
1476 2597 1552 2626 est.

158 2658 270 2697 Nam
296 2661 342 2697 in
372 2673 460 2712 quo
491 2651 565 2701 ill‘e
592 2660 867 2714 perturbatus
896 2668 1100 2720 sonorum
1129 2653 1407 2712 rhythmique
1441 2658 1551 2698 ordo

160 2740 206 2770 et
253 2737 560 2784 consequentia
608 2738 836 2781 consistat,
899 2742 973 2771 aut
1015 2731 1239 2784 quomodo
1284 2730 1549 2781 inaequalis,

156 2803 334 2853 scabra,
376 2814 419 2844 et
450 2803 703 2846 heteroclita
722 2805 965 2846 modulatio
996 2817 1045 2841 ex
1064 2803 1317 2854 perturbata
1342 2816 1553 2845 sonorum

1022 2875 1056 2913 C
