1846 3308
669 326 738 336 ,-
810 318 904 360 127
972 328 1041 335 -

781 419 955 482 ΧΗΠ.

162 539 224 590 Εἰ
246 537 352 609 γὰρ
387 537 459 598 αἷς
493 534 608 602 ἐμοὶ
638 535 839 603 γένοιτο
867 531 1027 607 χεῖρα
1051 534 1352 598 Νεοβούλης
1380 537 1553 604 θίγειν.

163 706 215 754 Si
246 721 455 754 manum
487 703 614 751 mihi
646 701 902 751 Neobules
937 701 1008 749 sic
1039 701 1210 750 liceret
1243 713 1458 767 tangere.

265 867 433 907 (anck
451 868 555 897 Anal-
578 869 616 897 Τ.
641 869 668 896 1.
690 878 723 906 p.
743 871 792 903 45.
812 866 856 895 fr.
878 871 925 900 Q.
949 866 1069 895 Iacobs
1090 865 1131 894 V.
1153 866 1179 894 1.
1200 865 1237 894 P.
1256 867 1284 895 1.
1304 875 1337 903 p.
1360 867 1448 905 167.)

262 917 476 975 Plutarch.
515 935 567 973 Τ.
585 933 679 973 VH.
721 947 764 985 p.
784 937 873 978 518.
918 930 973 970 de
999 927 1055 968 Εἴ
1082 930 1199 983 apud
1232 929 1454 983 Delphos:
1495 928 1555 970 Εἷ

162 1011 250 1065 γὰρ
276 1003 475 1062 ὄφελον,
515 1004 651 1063 φησὶν
689 1004 841 1058 ἕκαςος
875 1005 966 1048 τῶν
1003 997 1271 1060 εὐχομένων.
1302 1003 1376 1046 καὶ
1405 1006 1556 1062 ’Δρχί-

165 1084 327 1142 λοχος·
364 1085 421 1127 Εἰ
449 1085 535 1142 γὰρ
569 1081 624 1134 αἳς
653 1099 694 1125 κ.
723 1099 764 1125 τ.
793 1081 839 1124 λ.
892 1087 1025 1139 Optat
1050 1084 1356 1134 Archilochus,
1396 1097 1444 1126 ut
1470 1089 1553 1129 sibi

164 1173 328 1203 tantum
361 1176 538 1202 manum
563 1160 808 1208 Neobules,
844 1174 868 1199 a
899 1174 985 1213 qua
1011 1160 1125 1199 forte
1156 1158 1224 1198 vel
1253 1157 1407 1198 absens
1442 1172 1548 1210 erat,

162 1236 232 1276 vel
259 1250 356 1275 cum
388 1238 507 1274 cuius
538 1244 660 1286 patre
690 1237 776 1272 iam
805 1232 1039 1273 simultates
1068 1240 1336 1283 susceperat,
1372 1241 1552 1286 tangere

162 1309 305 1349 liceat.
354 1308 405 1348 Id
426 1321 560 1362 genus
578 1310 685 1346 votis
706 1309 820 1345 enim
832 1334 847 1354 ,
876 1306 1083 1357 aliisque,
1113 1318 1297 1357 quorum
1330 1318 1404 1344 eos
1433 1320 1552 1346 com-

163 1393 288 1434 potes
307 1380 399 1420 fieri
420 1380 757 1432 haudquaquam
778 1387 840 1417 est
857 1377 1110 1424 verisimile,
1139 1386 1329 1415 amantes
1358 1380 1550 1418 animum

163 1468 367 1508 pascere,
397 1468 420 1492 e
444 1456 663 1492 communi
680 1455 788 1500 vita,
827 1460 870 1489 et
899 1449 1157 1489 carminibus
1185 1459 1437 1501 poetarum,
1475 1455 1552 1502 qui

167 1542 263 1567 eam
290 1526 501 1566 imitando
535 1528 800 1578 exprimunt,
835 1533 984 1562 notum
1016 1532 1078 1562 est
1108 1532 1149 1560 et
1178 1525 1330 1573 passim
1361 1522 1552 1563 obvium.

163 1600 396 1639 Anacreon
422 1597 505 1637 Od.
522 1612 583 1637 20.
603 1607 721 1649 optat
740 1596 980 1649 speculum,
1007 1597 1323 1643 vestimentum,
1352 1609 1553 1649 unguen·

167 1682 259 1711 tum
279 1682 358 1711 etc.
380 1670 496 1719 fieri,
534 1681 584 1710 ut
614 1680 781 1709 tantum
813 1683 953 1709 caram
980 1667 1062 1707 sibi
1082 1666 1273 1719 puellam
1298 1671 1552 1722 contingere

167 1747 317 1796 possit.
351 1744 459 1783 Item
477 1743 696 1783 Theocrit.
717 1742 825 1796 Idyl.
843 1749 881 1788 5.
908 1755 946 1779 v.
971 1747 1029 1786 13-
1082 1739 1307 1793 Meleager
1323 1741 1467 1794 Epigr.
1488 1746 1552 1792 94.

164 1835 206 1887 ν..
225 1827 264 1867 3.
291 1841 338 1850 -
365 1842 412 1850 —
462 1813 563 1858 Εἴθ’
601 1811 672 1857 ὑπ’
722 1814 839 1872 ἐμοῖς
878 1814 953 1856 νῦν
1004 1812 1177 1870 ’χείλεσι
1224 1811 1386 1869 χείλεα
1422 1814 1554 1856 θεῖσα

166 1892 362 1946 ’Δπνευςὶ
384 1892 549 1949 ψυχὰν
569 1890 651 1934 τὰν
675 1891 718 1935 ἐν
747 1891 841 1949 ἐμοὶ
870 1891 1058 1950 προπίοι.

271 1994 337 2036 Εἰ
365 1991 469 2050 γὰρ
512 1989 579 2042 αἳς
608 1990 728 2046 ἐμοὶ
767 1991 1008 2047 γένοιτο.
1059 1995 1205 2034 Reisk.
1231 2009 1312 2047 pro
1341 1989 1398 2042 ὥς
1424 1999 1556 2035 corri-

168 2078 360 2135 gendum
378 2085 502 2128 putat
518 2071 608 2119 πῶς
633 2074 703 2113 vel
729 2064 802 2118 ἐξ,
829 2082 877 2111 ut
894 2075 948 2111 sit
974 2066 1209 2124 ἐκγένοιτο.
1262 2073 1348 2111 Sed
1364 2087 1457 2112 non
1476 2088 1557 2113 ne-

120 2172 123 2174 *
169 2169 311 2203 cesse,
355 2167 451 2192 cum
479 2144 536 2197 αἳς
561 2165 641 2203 pro
669 2144 806 2198 οὕτως
833 2153 1022 2204 positum
1057 2164 1231 2189 sensum
1278 2151 1556 2190 commodum

169 2229 347 2270 efficiat:
383 2227 428 2264 Si
447 2224 553 2264 mihi
576 2224 646 2264 vel
664 2227 739 2271 sic,
766 2223 894 2263 rebus
915 2227 975 2263 sic
998 2221 1274 2271 habentibus,
1307 2223 1438 2262 liceat
1460 2234 1557 2263 tan-

168 2318 260 2346 tum
284 2308 374 2345 eius
397 2316 574 2342 manum
599 2305 866 2355 contingere.
919 2301 1071 2355 Odyss.
1100 2309 1138 2338 σ.
1168 2313 1203 2338 v.
1223 2313 1310 2339 201.
1338 2293 1449 2340 Δῖθε
1478 2312 1554 2352 μοι

170 2377 227 2430 (ὃς
258 2376 463 2435 μαλακὸν
489 2374 687 2419 θάνατον
718 2374 844 2430 πόροι
862 2369 1068 2432 Ἄρτεμις
1095 2371 1220 2429 ἁγνή.
1274 2389 1316 2415 α.
1347 2379 1431 2419 166.
1461 2374 1556 2416 Νῦν

171 2456 205 2500 δ’
246 2456 268 2499 ὁ
316 2456 395 2511 μὲν
442 2450 500 2504 αἳς
538 2452 787 2495 ἀπόλωλεν.
823 2455 957 2497 schol.
998 2448 1159 2501 οὕτως,
1205 2448 1258 2503 ὡς
1295 2450 1405 2507 ἔχει.
1457 2455 1505 2494 ΙΙ.
1530 2468 1557 2492 ι.

172 2552 210 2577 ν.
231 2544 318 2588 390.
347 2524 445 2574 οὐδὲ
464 2546 538 2587 μιν
561 2528 615 2584 ὥς
637 2530 805 2588 γαμέω.
857 2535 905 2575 11.
927 2524 967 2580 ξ.
997 2548 1035 2574 v.
1060 2539 1143 2584 143.
1168 2531 1321 2586 Odyss.
1341 2544 1383 2584 γ.
1410 2547 1445 2571 v.
1467 2536 1555 2575 225.

174 2619 216 2649 et
235 2608 326 2647 aliis
350 2611 396 2646 in
414 2607 534 2647 locis.

213 2699 217 2703 ’
282 2703 323 2743 N
339 2700 626 2758 εοβοὺλης
670 2721 751 2759 per
793 2709 932 2745 crasin
974 2705 1062 2757 legi
1109 2710 1276 2754 potest,
1329 2702 1364 2738 si
1410 2701 1559 2743 mavis,

175 2787 296 2839 quasi
315 2773 593 2835 Νεοβούλης.
615 2777 986 2831 ιιιΚλεόβουλος,
1014 2773 1318 2827 Κλεόβουλος.
1360 2775 1565 2815 Neobule
