1846 3308
816 266 1154 315 ——30—

391 393 456 444 24)
483 392 545 431 Ex
572 394 849 444 anapaestico
882 392 1063 431 dimetro
1092 400 1134 430 et
1162 391 1351 431 iambico
1366 392 1556 437 glimen-o
1583 407 1683 434 aca-

286 465 564 517 talecuco.1)

393 539 458 590 25)
484 539 546 577 Ex
563 540 839 591 anapaestica
861 536 1040 590 dipodia
1054 565 1068 585 ,
1099 547 1142 577 et
1160 536 1446 592 Ithyphallico
1471 540 1558 578 sive
1577 537 1685 591 pha-

290 610 517 662 laecIo.¹¹¹)

393 686 460 736 26)
495 684 656 723 Versus
685 685 906 724 Saturnini
937 685 1006 724 vel
1025 686 1237 733 Saturnii‚
1276 697 1463 737 quorum
1489 684 1686 735 exempla

291 761 498 812 propriae
515 755 778 797 Archilocho
799 757 1081 796 dimensionis
1098 759 1399 811 grammaticus
1420 756 1572 797 adfert.
1585 757 1633 808 ¹²)

388 942 436 985 a]
469 937 733 974 Censorin.
767 936 821 971 de
855 936 1050 971 Musica
1084 935 1127 973 C.
1151 934 1222 971 IX.
1267 935 1520 973 Victorin.
1549 936 1596 972 L.
1617 935 1685 973 IV.

293 1021 336 1057 p.
351 1012 455 1050 2533.
489 1004 644 1041 Dehinc
664 1005 709 1039 ab
734 1004 796 1039 his
820 1003 968 1039 duobus
993 1003 1227 1048 (hexametro
1246 1013 1283 1038 et
1302 1003 1470 1039 iambico
1493 1003 1686 1046 trimetro)

294 1086 452 1110 exorsus
489 1071 801 1118 (Archilochus)
836 1071 956 1106 multa
987 1081 1199 1106 metrorum
1224 1083 1359 1119 genera
1390 1061 1571 1119 variaque
1599 1082 1687 1118 pro-

296 1142 428 1182 duxit,
459 1150 604 1175 mutata
631 1153 700 1189 per
726 1139 1010 1175 translationem
1040 1149 1104 1174 aut
1129 1140 1172 1174 in
1202 1148 1364 1187 utroque
1391 1137 1506 1186 longa
1532 1137 1686 1186 syllaba.

292 1211 438 1245 Rursus
457 1221 525 1258 per
542 1208 771 1244 incisionem
791 1206 1033 1257 singulorum
1051 1218 1161 1255 atque
1180 1205 1495 1242 coniunctionem
1511 1205 1688 1255 pleraque

293 1289 508 1314 metrorum
527 1289 662 1325 genera
681 1286 918 1311 commentus
936 1285 1005 1311 est.
1025 1285 1063 1309 et
1080 1275 1135 1310 sic
1151 1285 1282 1323 porro.

385 1355 438 1402 b)
466 1352 730 1403 Hephaest·
764 1366 803 1401 p-
826 1358 883 1399 48.
924 1355 1068 1392 Γίνεται
1104 1354 1142 1391 δὲ
1175 1352 1423 1403 ἀσυνάρτητα.
1467 1352 1596 1392 ὅτι-ὅταν
1625 1353 1688 1391 δύο

293 1428 418 1465 κῶλα,
441 1424 492 1469 μὴ
512 1421 686 1468 δυνάμενα
706 1422 876 1468 ἀλλῆλοις
897 1427 1179 1472 συναρτηθῆναι,
1207 1423 1296 1468 μηδὲ
1319 1419 1440 1458 ἕνωσιν
1459 1421 1580 1471 ἔχειν,
1610 1424 1688 1460 ἀντὶ

298 1493 371 1536 ἑνὸς
391 1491 501 1539 μόνου
521 1490 872 1539 παραλαμβάνωνται
892 1495 1010 1540 ςίχου.
1057 1495 1194 1541 πρῶτος
1216 1490 1281 1537 μὲν
1305 1488 1444 1533 τούτοις
1460 1490 1688 1540 Ἀρχίλοχος

297 1562 490 1610 κέχρηται.
532 1558 729 1597 Victorin.
751 1560 798 1595 L.
817 1560 888 1594 111.
913 1572 952 1607 p.
970 1556 1073 1601 2565.
1121 1557 1228 1594 Idem
1249 1555 1554 1602 (Archilochus)
1572 1558 1688 1593 etiam

296 1627 494 1676 iungendo
521 1627 623 1661 inter
649 1638 688 1661 se
715 1625 884 1666 diversa,
917 1636 1019 1661 nova
1038 1635 1157 1661 metra
1177 1626 1416 1674 composuit,
1444 1639 1539 1675 quae
1556 1626 1689 1661 Graeci

299 1695 456 1734 σύνθετα
471 1705 510 1730 et
526 1692 707 1731 ἀσύνθετα
726 1692 936 1742 appellantg
973 1692 1150 1736 σύνθετα,
1173 1706 1268 1742 quae
1285 1703 1374 1728 sunt
1395 1693 1562 1729 eiusdem
1581 1705 1690 1742 gene-

294 1764 374 1803 ris,
397 1762 596 1803 ἀσύνθετα,
619 1774 715 1810 quae
733 1774 780 1797 ex
798 1760 948 1797 diverso
968 1761 1208 1810 copulantur.

389 1844 435 1888 c)
466 1840 770 1880 Victorinus
800 1854 840 1889 p.
859 1845 963 1885 2588.
985 1840 1095 1875 cuius
1118 1839 1335 1889 exemplum
1357 1838 1494 1876 adfert:
1525 1840 1690 1877 Novum

298 1908 420 1945 melos
436 1908 560 1957 Lydia
582 1908 659 1944 dic.

390 1987 444 2032 d)
485 1986 618 2023 Idem
655 1999 696 2036 p.
723 1993 827 2031 2550.
862 1999 922 2023 ex.
951 1999 1007 2036 gr.
1058 1987 1175 2024 Iubar
1215 1999 1377 2036 superne
1408 1983 1554 2034 fulgida
1587 1983 1689 2020 lucet

300 2068 383 2090 arce
406 2054 519 2091 coeli.

392 2135 440 2179 e)
480 2132 807 2182 Hephaestio.
839 2134 929 2170 vide
960 2133 1094 2182 fragm.
1123 2142 1182 2176 70.
1227 2130 1481 2171 Victorin.
1516 2143 1554 2180 p.
1585 2136 1688 2174 2550.

300 2195 361 2237 cix.
386 2213 445 2248 gr.
478 2202 615 2239 Beatus
636 2199 703 2235 ille
723 2201 793 2249 qui
812 2213 951 2249 vagans
969 2211 1092 2236 mente
1108 2200 1212 2249 vivi-t
1228 2199 1387 2248 integra.

389 2278 430 2323 f)
464 2277 647 2313 Diomed.
674 2279 720 2315 L.
740 2281 809 2314 111.
834 2290 872 2325 p.
891 2285 970 2322 515.
1014 2279 1165 2313 Servius
1191 2290 1231 2327 p.
1250 2277 1490 2327 1826.1vocat
1515 2274 1689 2310 Archilo-

301 2345 456 2386 chium,
488 2344 563 2380 hoc
589 2344 762 2393 exemplo
789 2344 939 2381 addito:
981 2344 1068 2398 Iudi
1097 2346 1226 2392 Lyaeo
1250 2342 1370 2378 dediti
1402 2355 1581 2392 tympana
1610 2343 1689 2391 iam

300 2413 494 2462 quatiunt.

391 2493 444 2539 g)
474 2490 666 2528 victorin.
688 2503 727 2538 p.
747 2496 851 2534 2551.
887 2491 995 2526 cuius
1017 2482 1231 2539 exemplum
1256 2490 1392 2526 adfert:
1428 2489 1582 2525 Caeruli
1607 2502 1689 2526 mo·

298 2559 441 2596 marcha
459 2558 573 2608 ponti
596 2558 762 2606 ratisque
786 2569 922 2595 rector.
969 2559 1114 2597 Verum
1135 2568 1303 2606 apparet,
1331 2557 1394 2594 vel
1413 2571 1548 2594 vocem
1567 2557 1689 2594 deesse

303 2629 347 2663 in
366 2637 470 2677 parte
484 2625 667 2667 iambica;
705 2638 790 2660 nam
816 2626 982 2674 ratisque
1003 2635 1128 2661 rector
1156 2636 1210 2660 est
1235 2635 1381 2660 tantum
1404 2637 1689 2662 monometrum

302 2696 512 2731 iambicum
538 2694 941 2743 hypercatalecticum3
974 2693 1038 2728 vel
1066 2693 1108 2727 in
1134 2703 1237 2728 textu
1270 2693 1470 2742 legendum
1495 2706 1571 2731 esse
1600 2705 1690 2731 mo·

303 2774 544 2801 nometl'O·
