1846 3308
674 280 1047 323 *217*-

261 400 446 457 Ety‘mol.
484 405 545 446 M.
582 418 621 444 v.
653 398 820 455 ἀθῷος·
871 394 1052 455 ”Ωσπερ
1093 397 1178 442 ἀπὸ
1216 400 1297 443 τοῦ
1338 399 1404 459 ζῶ
1444 400 1553 460 ζωὴ.

164 475 240 524 ἰαῖ,
280 477 385 534 ἰωὴ,
423 475 448 534 ἣ
478 477 788 535 ἐκπεμπομένη
821 474 908 530 βοὴ
935 472 978 525 ἑῆ
1007 477 1161 532 φωνὴ,
1203 475 1323 521 οὕτω
1351 480 1472 537 παρὰ
1499 480 1552 523 τὸ

161 554 258 603 θῶ,
307 554 362 598 τὸ
390 553 677 608 καταβάλλω
715 550 790 595 καὶ
817 551 988 611 ζημιῶ,
1036 552 1134 609 θωὴ
1166 553 1190 610 η
1222 554 1373 612 ζημία.
1415 555 1437 600 ὁ
1465 557 1552 617 ’γὰρ

160 628 450 689 ζημιούμενος
470 629 818 683 nav-affinem}
836 647 895 673 τι.
951 623 1031 681 Ἐξ
1060 625 1199 675 αὺτοῦ
1229 630 1397 688 Ύίνετὰι
1421 634 1553 685 θωὸς,

162 710 236 752 καὶ
271 710 388 767 μετὰ
425 709 507 753 τοῦ
535 707 765 767 ςερητικοῦ
804 725 833 750 α
866 708 1036 764 ἀθῷος,
1077 708 1100 752 ὁ
1140 709 1335 768 ἂζήμιος.
1377 709 1474 768 ἔχει
1508 711 1554 755 δὲ

160 786 213 829 τὸ
244 803 258 829 ι
287 785 336 830 ἐκ
364 784 665 845 παραδόσεως,
693 786 836 842 ἐπειδὴ
864 786 996 843 θωῖὴ,
1029 783 1085 839 ὡς
1111 787 1234 846 παρὰ
1264 787 1550 847 ’Δρχιλόχᾳν

157 864 245 917 “Ως
269 880 311 909 κ.
342 881 385 909 τ.
415 863 460 907 λ.

806 1101 901 1145 CV.

426 1191 590 1241 Ἥτευ
625 1191 972 1259 μελαμπὺγου
1008 1189 1192 1257 τύχης.

433 1364 538 1407 Aut
571 1359 627 1406 in
660 1359 857 1424 nigram
891 1359 1113 1423 aquilam
1147 1360 1352 1409 incidas.

257 1527 401 1567 Schol.
431 1528 486 1568 ad
516 1529 756 1583 Homemm
781 1528 1014 1568 Villoison.
1051 1528 1101 1568 11.
1132 1540 1178 1566 ω.
1207 1543 1244 1568 v.
1275 1535 1365 1577 315.
1392 1543 1438 1583 p.
1456 1534 1544 1583 524.

157 1602 233 1643 ubi
270 1606 537 1655 ostenditur,
583 1620 663 1659 per
703 1602 831 1646 ἀετὸν
868 1606 1109 1644 Homerum
1149 1607 1395 1661 intelligere
1434 1622 1543 1657 eam,

156 1695 270 1734 quae
295 1677 568 1737 μελανὰετος
603 1694 646 1724 et
673 1679 941 1737 λαγωφόνος
975 1693 1175 1732 vocatur,
1223 1694 1267 1723 et
1301 1684 1355 1724 ab
1381 1686 1545 1725 Aristo-

155 1761 242 1800 tele
269 1756 451 1813 μεγέθει
479 1755 689 1813 ἐλάχιςος
714 1755 789 1800 καὶ
817 1755 1016 1815 κράτιςος
1046 1775 1136 1800 esse
1165 1762 1334 1802 dicitur.
1387 1764 1545 1804 Postea

154 1835 405 1879 scholiastes
431 1842 493 1878 sic
517 1842 680 1893 pergit:
719 1835 866 1879 Εἴωθε
904 1834 949 1877 δὲ
991 1833 1065 1876 καὶ
1105 1833 1127 1877 ὁ
1158 1834 1433 1894 ’Δρχίλοχος
1470 1854 1541 1893 με·

156 1908 396 1967 λάμπυγον
437 1912 596 1956 τοῦτον
632 1911 737 1966 (τὸν
778 1910 938 1967 ἀετὸν)
976 1912 1145 1957 καλεῖν.
1175 1909 1253 1956 Ἢ.
1291 1930 1339 1969 μ.
1367 1930 1408 1957 τ.
1472 1919 1542 1959 De

155 1991 235 2032 hac
263 1994 415 2033 eadem
444 1996 589 2048 aquila
615 1994 828 2034 Plutarch.
857 1996 1047 2035 Amator.
1074 1996 1125 2034 T.
1147 1995 1222 2034 IX.
1261 2009 1304 2048 p.
1325 2008 1363 2048 9.
1390 1990 1541 2034 ’Δετόν

152 2081 253 2109 τινα
294 2066 476 2124 λέγουσι
515 2068 691 2124 γνήσιον
730 2066 802 2109 καὶ
835 2065 1022 2124 ὀρεινὸν,
1071 2064 1120 2111 ὃν
1140 2065 1335 2130 ’Όμηρος
1366 2067 1542 2124 μέλανα

154 2145 228 2188 καὶ
259 2146 478 2202 θηρευτὴν
509 2146 754 2202 προσεῖπεν.
806 2151 876 2189 Sic
904 2153 1019 2190 enim
1042 2151 1219 2189 Homer.
1247 2150 1295 2189 ΙΙ.
1325 2146 1376 2196 φ.
1403 2157 1541 2196 v.252.

208 2224 365 2267 Διέτοῦ
393 2221 540 2278 οἴματ’
566 2222 686 2280 ἔχων
726 2221 971 2280 μέλανος
1008 2223 1108 2266 τοῦ
1146 2224 1484 2282 θηρητῆρος.

198 2298 326 2353 “059²
354 2299 450 2359 ἅμα
479 2301 681 2360 κάρτιςός
708 2316 759 2345 τε
788 2298 862 2344 καὶ
892 2296 1047 2353 ulnas-⁰5
1073 2300 1308 2357 πετεηνῶν.

154 2393 197 2421 et
220 2383 270 2422 11.
298 2397 345 2422 ω.
372 2399 411 2424 ν.
437 2392 527 2432 315·

206 2453 378 2499 Δῦτίκα
407 2457 441 2500 δ’
471 2457 617 2502 αἰετὸν
646 2448 750 2516 ἧκε,
789 2455 1075 2501 τελειότατον
1102 2457 1341 2513 πετεηνῶν,

204 2534 504 2593 Μορφνόν,
540 2533 830 2594 θηρητῆρ’,
868 2532 918 2579 ὃν
948 2534 1023 2578 καὶ
1043 2534 1229 2594 περκνὸν
1255 2534 1506 2578 καλέουσιν.

151 2611 282 2663 Apud
316 2613 589 2654 Aristotelem
623 2614 784 2654 Histor.
828 2612 1000 2653 animal.
1035 2613 1082 2652 L.
1113 2613 1189 2653 lx,
1237 2627 1273 2651 c.
1301 2619 1364 2659 32.
1410 2613 1536 2650 tertia

153 2697 216 2727 est
235 2688 376 2730 classis
393 2685 681 2743 μελαινὰετος
699 2705 724 2730 a
743 2689 892 2731 colore
910 2694 972 2729 sic
991 2689 1143 2728 dictus.
1189 2687 1404 2743 Aeschylo
1423 2689 1537 2742 Aga·

149 2779 308 2808 memn.
344 2781 382 2807 v.
414 2774 498 2815 115.
535 2762 699 2807 οἰωνῶν
725 2762 940 2818 βασιλεὺς
974 2788 1031 2796 -
1068 2762 1089 2806 ὁ
1128 2760 1331 2811 κελαινὸς
1365 2765 1535 2806 dicitur.
