1846 3308
659 251 1032 300 —265-..

149 381 415 435 septingenti
441 392 545 419 vero
573 392 596 418 a
614 380 752 431 prima
780 377 1072 418 inundatione
1099 380 1377 428 novimestri,
1406 394 1430 419 a
1456 393 1543 434 qua

150 452 207 492 ad
226 453 397 492 Troiam
427 452 603 506 collegit
629 452 800 491 Maseas
834 462 972 490 annos
996 462 1091 490 non
1117 454 1260 491 minus
1289 463 1390 493 octo
1419 464 1463 494 et
1483 458 1540 494 vi-

150 529 260 580 ginti
285 539 415 578 supra
439 527 728 578 octingentos.

249 619 495 674 Regnatum
512 633 616 660 vero
638 619 721 658 fuit
740 618 902 657 Troiae
920 616 1000 657 sub
1019 618 1194 673 regibus
1215 633 1309 660 sex:
1336 622 1416 662 sub
1432 623 1545 664 Dar-

150 692 265 732 dano
277 693 454 749 quidem
466 705 554 732 uno
563 701 606 730 et
615 694 790 745 triginta
800 693 923 729 annis
936 704 946 735 ;
965 691 1045 730 sub
1054 690 1179 730 Erich
1186 691 1330 732 thonio
1345 698 1542 749 quinque

151 774 195 804 et
219 767 516 820 septuaginta;
552 763 632 804 sub
653 765 770 803 Troe
798 766 1042 818 sexaginta:
1079 764 1159 803 sub
1187 765 1252 804 Ilo
1274 769 1470 820 quinque
1498 779 1541 809 et

151 837 494 893 quinquaginta;
531 835 612 876 sub
632 836 935 877 Laomedonte
959 850 1032 877 sex
1050 846 1094 877 et
1113 840 1310 893 triginta;
1349 840 1429 880 sub
1452 843 1542 883 Pri·

150 925 248 951 amo
272 911 578 965 quadraginta.

245 1007 392 1046 Secuti
412 1016 513 1046 sunt
541 1008 644 1045 anni
663 1006 705 1045 D
733 1020 757 1045 a
787 1008 1030 1064 captivitate
1044 1005 1205 1047 Troiae
1232 1020 1372 1060 usque
1395 1010 1451 1048 ad
1478 1013 1542 1050 vi-

148 1082 349 1120 cesimam
369 1083 538 1120 tertiam
568 1078 885 1132 olympiadem,
923 1081 970 1118 in
999 1078 1155 1132 quibus
1185 1078 1540 1129 florueruntlHo-

126 1156 254 1204 ,meri
272 1163 389 1193 octo.
452 1152 620 1192 Horum
640 1154 802 1204 primus
830 1154 876 1190 in
896 1151 1124 1191 annalibus
1144 1153 1302 1192 Teutei
1328 1158 1440 1210 regis
1460 1157 1539 1196 As-

145 1229 357 1280 syriorum
380 1225 587 1273 traditur,
617 1226 692 1276 qui
717 1226 946 1279 vigesimus
964 1229 1167 1276 septimus
1190 1239 1214 1264 a
1233 1226 1348 1266 Nino
1367 1231 1535 1268 exstitit.

146 1298 230 1338 Hic
250 1299 465 1338 Homerus
478 1326 493 1346 ,
520 1307 570 1336 ut
586 1296 648 1336 ibi
667 1296 873 1344 traditur,
902 1297 984 1335 fuit
1010 1298 1268 1351 Smyrnaeus
1296 1309 1339 1338 et
1365 1302 1537 1354 praefe-

146 1381 238 1411 ctus
268 1371 462 1411 eiusdem
480 1371 610 1425 Regis
635 1380 735 1408 ante
757 1369 1013 1408 descensum
1039 1371 1369 1411 Heraclidarum
1389 1376 1437 1413 in
1456 1375 1538 1415 Pe-

143 1444 437 1497 loponnesum
477 1456 594 1482 anno
619 1442 718 1480 XX.
755 1440 1102 1494 Demophoontis
1150 1448 1262 1498 regis
1296 1444 1538 1487 Athenien·

147 1521 281 1565 sium,
320 1516 499 1570 quando
520 1513 703 1569 Pyrrhus
720 1518 769 1554 in
789 1514 954 1567 templo
972 1515 1186 1567 Apollinis
1206 1518 1289 1556 fuit
1307 1517 1360 1557 ab
1381 1519 1535 1560 Oreste

144 1593 413 1630 interemtum
473 1588 604 1628 Hunc
632 1597 800 1628 secutus
828 1597 891 1627 est
916 1588 1130 1628 Homerus
1152 1588 1307 1638 Chius,
1350 1595 1449 1645 qui,
1486 1603 1535 1634 ut

146 1662 399 1703 Chiensium
454 1664 664 1701 memoria
726 1660 881 1710 tradit,
946 1659 1095 1701 floruit
1146 1671 1237 1701 arte
1289 1663 1534 1706 medicinae

146 1748 265 1775 anno
285 1735 404 1774 XIX.
421 1733 656 1774 Melanthis
676 1735 787 1787 regis
805 1731 1150 1773 Atheniensium.
1201 1734 1322 1775 Alius
1340 1736 1424 1776 fuit
1442 1738 1535 1778 Ho-

144 1822 286 1848 merus
315 1811 454 1860 patria
475 1806 703 1854 Cumaeus,
734 1808 822 1859 qui,
852 1815 899 1845 ut
922 1808 1003 1858 ipsi
1023 1807 1202 1847 Cumaei
1222 1808 1412 1857 tradunt,
1441 1814 1535 1850 eni-

146 1885 228 1921 tuit
261 1883 405 1934 magia
436 1884 570 1934 magis
612 1893 742 1933 quam
778 1879 1000 1918 literatura
1037 1893 1154 1920 anno
1182 1880 1360 1919 XXIIII.
1399 1882 1534 1922 Codri

144 1956 257 2007 regis
287 1952 632 1993 Atheniensium.
690 1950 903 2002 Quartum
934 1955 1070 1991 civem
1095 1966 1220 1992 suum
1248 1954 1533 2005 praedivitem

78 2048 80 2051 v
143 2026 460 2065 Salaminenses
488 2026 635 2079 Cyprii
674 2024 887 2075 efferunt,
936 2035 1027 2066 arte
1067 2028 1276 2065 institoria
1307 2026 1532 2080 inclytum,

145 2112 262 2138 anno
295 2090 448 2138 o‘ctavo
474 2099 621 2152 Agasti
648 2098 936 2139 Atheniensis.
998 2099 1185 2137 Biennio
1222 2107 1324 2150 post
1361 2104 1532 2139 emersit

145 2172 360 2211 Homerus
394 2169 718 2223 Colophonius,
766 2186 896 2225 quem
922 2171 1098 2211 illorum
1128 2170 1329 2219 annales,
1375 2175 1532 2227 migra-

146 2246 262 2282 tione
282 2246 450 2292 ionica,
478 2244 754 2296 praedicant,
791 2242 1002 2284 effulsisse
1024 2253 1115 2283 arte
1135 2246 1321 2296 pictoria
1341 2245 1467 2284 simul
1489 2256 1533 2285 et

145 2315 346 2367 sculptili.
407 2317 556 2356 Sextus
579 2317 662 2355 fuit
681 2315 982 2365 Atheniensis,
1011 2319 1112 2370 qui,
1139 2326 1189 2356 ut
1216 2319 1298 2369 ipsi
1320 2316 1529 2366 scribunt,

142 2387 316 2428 illustris
329 2393 608 2430 revocatione
628 2389 887 2430 abolitarum
903 2389 1050 2443 legum
1069 2399 1112 2429 et
1128 2402 1340 2430 novarum
1363 2389 1530 2429 latione

141 2458 290 2500 floruit
315 2460 396 2500 sub
414 2461 650 2515 Archippo.
702 2463 941 2514 Septimum
971 2462 1117 2516 Argivi
1145 2460 1310 2501 habent
1337 2464 1529 2502 musicae

146 2542 279 2585 atque
319 2538 608 2587 geometricae
648 2535 903 2588 disciplinae
936 2537 1181 2587 praeceptis
1228 2533 1529 2575 admirabilem

146 2617 264 2645 anno
286 2605 456 2646 decimo
476 2610 660 2659 septimo
679 2608 918 2664 Diogeneti
933 2606 1222 2648 Atheniensis.

244 2676 455 2717 Ultimum
491 2678 608 2719 hunc
637 2681 876 2720 Homerum
914 2689 1029 2720 aetas
1064 2689 1213 2719 nostra
1248 2682 1408 2728 cernit,
1455 2683 1532 2734 qui

147 2749 395 2808 olympiade
423 2751 582 2794 XXIII.
627 2763 670 2794 et
704 2768 729 2795 a
755 2755 914 2793 Troiae
944 2752 1108 2792 excidio
1137 2764 1253 2792 anno
1281 2751 1348 2800 D,
1393 2756 1532 2806 patria
