1846 3308
707 284 1081 330 —151—

828 413 934 457 LII.
980 428 986 431 ·

184 508 309 573 Εἰμί
341 509 384 558 δ’
420 505 522 576 ἐγὼ
558 505 804 579 θεράπων
838 506 1253 571 μέννἘνυαλιόιο
1292 512 1534 574 ἄνακτος,

252 597 357 649 Καὶ
387 598 652 649 Μουσέων
689 596 876 670 ἐρατὸν
912 597 1087 671 δῶρον
1125 598 1433 666 ἐπιςάμενος.

180 772 362 821 Martis
393 786 487 835 ego
521 769 652 835 regis
689 782 923 817 strenuus
954 787 1182 836 pugnare
1219 774 1435 834 satelles,
1502 799 1505 802 ·

246 868 317 912 At
346 865 612 910 Musarum
650 861 802 908 etiam
835 877 1044 909 munera
1081 875 1220 928 grata
1256 865 1375 912 scio.

343 999 525 1065 (Ἐκ-ηπῶς.
548 1025 651 1055 Anal.
674 1026 712 1054 T.
732 1025 759 1053 1.
781 1023 825 1054 fr.
847 1031 876 1054 2.
899 1025 1020 1054 Iacobs
1040 1026 1081 1055 V.
1104 1027 1131 1055 1.
1151 1028 1188 1058 P.
1210 1030 1237 1058 1.
1260 1038 1293 1066 p.
1315 1028 1406 1067 150·)

274 1089 525 1132 Athenaeus
545 1090 591 1128 L.
611 1088 728 1128 XIV.
752 1102 796 1141 p.
818 1088 906 1141 627.
927 1089 973 1128 C.
994 1084 1269 1145 Ἀρχίλοχος
1296 1080 1374 1130 οὖν
1403 1087 1574 1144 ἀγαθὸς

173 1162 236 1209 ὢν
267 1162 446 1219 ποιητὴς
474 1163 650 1220 πρῶτον
688 1161 976 1218 ἐκαυχήσατο
1015 1161 1068 1205 τὸ
1107 1163 1323 1208 δύνασθαι
1363 1167 1573 1223 μετέχειν

172 1244 265 1288 τῶν
304 1240 550 1284 πολιτικῶν
590 1239 786 1294 ἀγώνων.
826 1239 1024 1299 δεύτερον
1054 1239 1100 1283 δὲ
1129 1240 1326 1299 ἐμνήσθη
1355 1244 1446 1286 τῶν
1475 1243 1573 1302 περὶ

170 1321 253 1374 τὴν
298 1318 530 1375 ποιητικὴν
582 1314 878 1374 ὑπαρχόντων
940 1312 1089 1375 αὐτῷ,
1149 1317 1294 1377 λέγων
1310 1335 1322 1346 ·
1378 1320 1484 1378 Εἰμὶ
1536 1321 1572 1364 δ’

173 1399 261 1457 ἐγὼ
295 1414 336 1441 κ.
367 1413 408 1440 τ.
438 1395 483 1439 λ.
534 1400 643 1439 Item
666 1397 917 1438 Plutarchus
935 1401 982 1438 in
1002 1399 1227 1442 Phocione
1246 1402 1298 1441 T.
1317 1401 1391 1441 IV.
1415 1415 1461 1454 p.
1479 1403 1570 1450 506.

172 1487 219 1516 et
237 1474 497 1515 Themistius
518 1473 637 1512 Orat.
659 1471 714 1511 de
734 1474 854 1527 regia
878 1474 972 1511 virt.
992 1473 1088 1514 XV.
1113 1490 1156 1528 p.
1181 1480 1265 1522 185.
1284 1474 1333 1514 Β.

265 1558 398 1616 Εἰμὶ
449 1556 484 1599 δ’
528 1555 636 1614 ἐγὼ
685 1554 971 1613 θεράπων.
1040 1561 1293 1602 Plutarchus
1321 1573 1366 1603 et
1392 1562 1570 1605 Themi-

169 1644 273 1683 stius
292 1638 458 1681 habent
483 1634 760 1692 ’Δμφὸτερον
787 1633 1009 1691 θεράπων.
1063 1638 1151 1678 Sed
1170 1637 1283 1678 hanc
1300 1654 1453 1680 vocem
1472 1654 1570 1681 non

172 1727 264 1754 esse
282 1710 545 1760 Archilochi,
568 1715 654 1751 iam
672 1716 771 1752 satis
790 1713 982 1752 ostendit
1004 1716 1098 1765 ipsa
1115 1715 1346 1763 sententia,
1375 1727 1489 1766 quae
1516 1727 1569 1754 ea

168 1789 315 1840 potius
344 1797 487 1826 carere
507 1798 638 1837 quam
665 1784 796 1825 verbo
819 1784 944 1826 finito
976 1795 1132 1839 potest.
1193 1786 1424 1826 Praeterea
1446 1796 1568 1838 patet

169 1855 258 1900 hoc'
273 1862 402 1900 etiam
421 1871 471 1898 ex
489 1857 673 1909 parodia
691 1856 847 1898 horum
864 1861 1092 1906 versuum.
1105 1872 1191 1911 qua
1206 1872 1309 1898 usus
1329 1870 1392 1898 est
1405 1861 1569 1900 Dema-

166 1942 283 1972 ratus
313 1929 699 1971 Lacedaemonius.
759 1931 869 1971 Cum
899 1935 1017 1971 enim
1038 1931 1284 1970 Hadrianus
1306 1932 1465 1972 Caesar
1494 1933 1565 1972 vel

167 2005 450 2061 Germanicus
476 2005 525 2042 in
555 2012 822 2043 contemtum
862 2003 1125 2044 Graecorum
1165 2007 1426 2059 epigramma
1461 2009 1566 2045 scri-

162 2084 341 2134 psisset,
367 2082 692 2133 posuissetque:
726 2073 895 2133 ’Έκτορ
924 2076 1073 2134 ἂρὴἳον
1103 2073 1217 2133 αἷμα
1246 2092 1288 2119 κ.
1313 2093 1355 2130 τ.
1375 2076 1421 2119 λ.
1450 2082 1560 2133 (vid.

163 2158 291 2198 Anal.
313 2146 442 2197 T.11.
471 2170 514 2209 p.
536 2158 648 2208 285.)
675 2158 933 2197 Demaratus
955 2158 1064 2198 clam
1086 2158 1355 2211 subscripsit:
1393 2154 1562 2212 Θάρσυ-

164 2245 256 2275 voa·
312 2223 363 2274 οὗ
405 2228 492 2288 γὰρ
535 2227 639 2286 ἐμῆς
677 2231 863 2288 κόρυθος
903 2228 1137 2276 λεύσσουσι
1174 2231 1422 2291 πρόσωπον.
1459 2238 1560 2291 (qui

161 2325 307 2352 versus
330 2310 514 2364 parodia
540 2321 605 2350 est
629 2325 668 2351 v.
686 2325 749 2363 70.
776 2312 825 2351 Il.
847 2311 914 2363 ο.)
939 2312 1125 2353 lubente
1150 2316 1283 2367 igitur
1304 2314 1489 2353 Caesare
1509 2317 1558 2354 in

165 2395 387 2424 auctorem
413 2386 601 2436 inquiri,
647 2384 797 2425 denuo
827 2385 1078 2440 subscripsit
1099 2385 1216 2427 ,haec
1246 2385 1557 2428 Archilochum

164 2459 354 2498 imitans:
375 2473 379 2478 ·

321 2526 427 2585 Εἰμὶ
452 2529 532 2586 μὲν
562 2525 814 2590 εὒθὼρηκος
838 2532 1075 2578 Ἐνυαλίου
1104 2531 1366 2590 πολεμιςής·

322 2604 428 2662 Εἰμὶ
454 2607 500 2651 δὲ
527 2607 601 2651 καὶ
634 2609 844 2666 θεράπων
868 2610 1131 2656 Ἑλικωνίου
1155 2609 1456 2663 Ἀπόλλωνος.
1517 2630 1520 2633 “

264 2691 531 2753 Θεράπων
582 2697 679 2754 μὲν
727 2698 1049 2744 Ἐνυαλίου.
1123 2704 1273 2742 Martis
1312 2705 1551 2741 ministerio

165 2768 386 2818 addictus,
422 2773 452 2812 i.
473 2786 511 2813 e.
538 2775 660 2816 miles
690 2779 779 2815 sive
795 2775 1218 2817 bellator-strenuus.
1268 2774 1337 2814 Ab
1357 2775 1550 2815 Homero
