1846 3308
782 305 847 315 —..
897 272 1018 337 ”228
1086 306 1153 318 --

367 412 417 453 Μ
433 426 456 454 υ
471 425 498 454 κ
513 427 544 453 ω
561 412 652 454 νὶω
665 425 686 455 ν
718 411 806 455 δίκ
822 428 846 469 η
860 426 896 455 ν.
936 418 1152 472 Myconos
1173 418 1314 459 insula
1336 425 1462 461 maris
1483 424 1661 477 Aegaei,

271 503 360 529 una
396 488 659 544 Cycladum,
718 493 837 529 cuius
875 491 1074 539 incolae,
1136 496 1236 544 quia
1271 496 1428 546 inopes
1466 506 1589 535 erant
1623 507 1668 537 et

271 562 456 602 sterilem
482 562 668 602 insulam
686 561 962 611 habitabant,
1005 563 1062 603 ob
1098 569 1347 616 parcitatem
1382 576 1423 606 et
1448 571 1668 610 avaritiam

270 634 385 674 male
405 634 666 685 audiebant,
696 639 757 675 ita
776 646 825 675 ut
846 636 1022 676 tandem
1044 641 1163 689 parci
1186 648 1228 677 et
1245 642 1358 678 avari
1381 640 1578 694 Myconii
1597 654 1669 681 vo·

274 723 486 753 carentur.
541 713 738 753 Cratinus
770 713 887 765 apud
907 711 1118 754 Athenae.
1146 716 1193 754 L.
1215 715 1246 754 I.
1276 729 1318 768 p.
1339 723 1376 762 8.
1399 717 1449 757 Α.
1477 713 1578 766 Πῶς
1611 710 1667 756 ἂν

271 785 555 844 Ἰσχομάχου
609 783 803 841 ’γεγονὼς
845 787 1086 830 Μυκωνίου
1149 786 1398 844 φιλόδωρος
1447 787 1502 832 ἂν
1556 786 1667 846 εἴης

273 863 421 915 Quare
443 866 597 902 mirum
615 875 708 902 non
740 872 827 912 est,
866 866 902 902 si
929 863 1044 904 ultro
1075 878 1121 904 se
1148 868 1350 904 conviviis
1376 867 1667 916 intruderent,

274 949 318 980 et
339 940 386 979 id
405 953 541 994 genus
561 942 751 979 invocati
774 942 901 978 etiam
922 935 1150 981 Μυκὼνιοι
1173 942 1434 992 dicerentur,
1457 954 1505 982 ut
1522 942 1592 984 hic
1612 944 1668 984 de

271 1012 440 1054 Pericle
467 1012 637 1051 dicitur.
698 1013 768 1051 Sic
794 1012 998 1064 publicae
1027 1028 1206 1067 quoque
1234 1019 1504 1065 meretrices,
1553 1030 1667 1069 quae

271 1094 499 1131 invocatae
520 1092 724 1130 conviviis
754 1089 903 1128 adesse
926 1089 1154 1137 solebant,
1189 1087 1421 1130 Μυκὼνιαι
1441 1103 1666 1140 vocantur,

272 1174 321 1203 ut
345 1163 546 1204 observat
565 1161 748 1202 Casaub.
774 1172 1054 1202 commentar.
1082 1163 1138 1202 ad
1156 1162 1313 1204 Athen.
1333 1178 1376 1217 p.
1396 1171 1484 1217 377.
1535 1165 1667 1206 Unde
1706 1195 1709 1197 -

272 1242 450 1282 tandem
471 1244 598 1281 etiam
628 1234 862 1286 Μυκῶνιος
892 1235 1050 1292 γείτων
1078 1245 1125 1280 in
1152 1241 1429 1295 proverbium
1457 1242 1580 1291 abiit,
1624 1253 1667 1282 et

273 1315 396 1369 quod
424 1314 477 1354 ab
500 1311 762 1353 Archilocho
793 1318 1007 1368 originem
1029 1313 1231 1355 habuisse
1254 1314 1447 1364 videtur,
1478 1314 1664 1366 (laceras

274 1391 391 1429 enim
410 1396 552 1441 partes
575 1390 844 1426 senariorum
865 1388 993 1440 facit)

491 1484 547 1494 -
603 1484 659 1493 —
713 1484 770 1493 —
823 1460 1075 1504 Μυκωνίων
1106 1461 1227 1519 δίκην

490 1535 855 1582 'Emeum-{wama
884 1539 941 1591 εἷς
969 1539 1029 1583 τὰ
1059 1539 1284 1597 συμπόσια
1311 1564 1368 1574 -
1397 1562 1476 1581 -.

270 1619 384 1660 Vide
405 1619 584 1660 Suidam
605 1634 643 1658 v.
663 1615 895 1671 Μυκίυνιος
927 1618 1108 1674 γείτων,
1147 1625 1222 1676 qui
1244 1622 1387 1662 addit:
1424 1616 1592 1676 εἴρηται
1621 1615 1667 1661 δὲ

271 1693 340 1738 ἐπὶ
356 1734 357 1737 ,
376 1694 467 1737 τῶν
507 1691 714 1746 ἀκλήτως
755 1694 977 1738 εἰσιόντων
1021 1696 1079 1747 εἷς
1117 1693 1177 1739 τὰ
1216 1696 1453 1752 συμπόσια.
1521 1701 1667 1739 Zeno-

269 1770 367 1811 bius
401 1784 485 1812 120.
545 1771 743 1812 Fabulati
771 1783 996 1826 praeterea
1021 1782 1122 1812 sunt
1149 1783 1334 1825 poetae,
1368 1771 1448 1812 sub
1468 1773 1664 1826 Mycono

271 1844 480 1898 Gigantes
508 1845 701 1896 sepultos
732 1859 823 1885 esse
847 1855 1069 1898 postremo
1101 1845 1153 1885 ab
1182 1844 1372 1884 Hercule
1398 1845 1665 1885 interfectos.

270 1923 386 1962 Hinc
407 1920 527 1962 aliud
550 1922 830 1975 proverbium
860 1932 1035 1962 enatum
1064 1934 1150 1973 est,
1187 1918 1291 1976 μίαν
1322 1917 1530 1962 Μύκονον
1556 1917 1665 1961 ’ἁπο-

269 1995 458 2051 φαὶνειν,
488 2003 635 2040 omnia
655 2000 734 2040 sub
766 2014 899 2042 unam
923 2002 1164 2057 Myconum
1196 2004 1436 2049 coniicere,
1467 1998 1588 2052 quod
1609 1998 1666 2038 ad

270 2085 340 2113 eos
358 2076 569 2126 pertinet,
601 2078 676 2126 qui
694 2074 821 2127 plura
840 2078 1024 2117 miscent
1043 2085 1085 2114 et
1104 2073 1394 2114 confundunt.
1447 2070 1662 2112 Plutarch.

268 2151 414 2205 Symp.
441 2151 488 2190 L.
507 2151 540 2190 I.
572 2151 623 2189 T.
646 2152 758 2191 VIII.
789 2166 832 2204 p.
851 2157 940 2204 435.
980 2141 1106 2209 Οὐδὲ,
1135 2148 1366 2205 προπίεται
1406 2145 1538 2204 ἑτέρῳ
1566 2143 1661 2202 ,πρὸ

269 2223 420 2282 ἐτέρου
451 2221 632 2281 μᾶλλον
664 2223 685 2267 ὁ
715 2223 864 2277 ἑςιῶν,
913 2224 1010 2283 περὶ
1041 2224 1085 2267 δὲ
1112 2225 1192 2276 τὰς
1221 2223 1503 2273 κατακλίσεις
1530 2222 1661 2279 παρό-

268 2301 410 2356 ψεται
450 2299 530 2351 τὰς
569 2300 807 2359 διαφορὰς,
868 2298 1003 2354 εὐθὺς
1046 2302 1089 2345 ἐν
1135 2301 1258 2358 ἀρχῇ
1297 2299 1376 2357 τὴν
1416 2297 1660 2358 λεγομένην

268 2379 372 2435 μίαν
401 2373 611 2421 Μύκονον
642 2377 876 2435 ἀποφήνας
902 2378 956 2422 τὸ
985 2379 1241 2435 συμπόσιον.

368 2694 645 2755 Ἀριςοτέλης
677 2693 744 2745 δὲ,
785 2694 924 2752 φασὶ,
963 2694 1070 2752 κέρᾳ
1100 2693 1272 2751 ἀγλαὸν
1304 2690 1420 2740 εἶπεν
1450 2694 1547 2739 ἀντὶ
1577 2695 1658 2740 τοῦ

271 2775 418 2832 αἰδοίῳ
455 2774 797 2832 σεμνυνόμενον.
856 2770 924 2816 ἐπὶ
967 2767 1174 2817 τοιούτου
1214 2773 1535 2831 σημαινομένου
1563 2773 1657 2830 ,τὴν
