1846 3308
787 269 1126 319 ..68-

261 402 356 450 ipsa
376 409 556 449 quoque
576 409 746 451 sugens.
794 396 942 447 Quare
961 395 1079 435 idem
1099 398 1162 435 vir
1182 396 1449 437 doctissimus
1470 398 1533 438 his
1554 411 1660 438 con-

263 472 386 509 tortis
406 468 670 509 lectionibus
697 469 1050 508 emendationem
1069 470 1233 520 Toupii
1250 470 1398 509 lenem
1423 481 1465 509 et
1486 471 1660 526 elegan-

265 554 353 582 tem
371 546 527 583 merito
547 542 760 594 praefert,
792 546 911 581 cuius
929 541 1061 581 verba
1082 556 1131 581 ex
1148 542 1176 581 1.
1200 557 1234 582 c.
1255 542 1519 591 adscribam,
1548 558 1663 597 quae

268 627 310 656 et
329 621 518 656 rationes
541 613 667 653 huius
691 615 1008 655 emendationis
1032 616 1293 665 ostendunt,
1334 626 1377 655 et
1401 630 1572 656 sensum
1595 630 1664 655 ex-

261 693 445 747 plicant.
497 691 595 742 „Ut
633 706 656 731 a
694 686 901 743 κρύπτω,
941 685 1138 746 κρύβδα,
1176 696 1236 732 sic
1267 708 1291 732 a
1317 687 1473 732 κύπτω
1503 685 1664 742 κύβδα.

266 771 341 811 Est
366 780 508 809 autem
534 764 704 816 κύβδα,
736 769 858 822 quod
879 770 1176 819 monendum,
1205 767 1362 823 σχῆμα
1395 766 1664 825 ἀφροδίσιον.

269 847 414 888 Schol.
451 846 663 900 Aristoph.
692 848 836 901 Equit.
871 848 959 899 364.
998 839 1166 896 κύβδα·
1206 840 1463 893 κύπτοντα,
1512 843 1581 886 διὰ
1623 843 1668 886 δὲ

268 923 350 966 τοῦ
391 920 625 978 σχήματος
654 920 734 975 τὴν
764 919 982 977 αἰσχύνην
1023 920 1233 965 δείκνυσιν
1274 921 1451 966 ἑαυτοῦ.
1479 940 1591 979 quae
1626 933 1670 964 et

269 1008 427 1058 partim
459 1004 678 1054 exscripsit
713 1002 865 1041 Suidas
894 1016 932 1041 v.
962 996 1108 1051 κύβδα
1141 1004 1192 1042 Τ.
1211 1003 1263 1043 II.
1290 1018 1332 1057 p.
1355 1010 1444 1052 588.
1480 1000 1668 1056 Hesych.
1719 1011 1722 1014 ⁴

271 1076 511 1129 Κύβαβὸα.
553 1073 679 1132 αἷμα.
719 1073 1023 1132 Ἀμαθούσιοι.
1063 1080 1301 1134 legendum
1326 1081 1483 1134 procul
1508 1080 1668 1120 dubio:

271 1151 445 1208 Κύβδα.
486 1154 659 1210 σχῆμα.
691 1149 995 1212 Ἀμαθούσιοι.
1024 1159 1188 1198 scilicet
1214 1155 1371 1212 σχῆμα
1399 1153 1670 1213 ἀφροδίσιον,

273 1232 411 1286 idque
436 1232 627 1271 cinaedis
646 1235 885 1284 proprium.
950 1231 1156 1271 Amathus
1184 1242 1328 1271 autem
1351 1233 1516 1273 Veneri
1539 1245 1673 1272 sacra.

276 1305 331 1344 de
352 1318 440 1358 quo
459 1318 552 1343 non
570 1305 704 1344 semel
722 1303 1030 1357 Aristophanes
1049 1308 1096 1343 in
1115 1303 1380 1358 Thesmoph.
1432 1306 1507 1344 Est
1525 1314 1568 1344 et
1585 1317 1676 1343 me-

274 1378 501 1419 retricibus
534 1392 780 1417 commune.
831 1376 1117 1418 Archilochus
1151 1379 1269 1431 apud
1301 1378 1513 1419 Athenae.
1542 1379 1590 1417 L.
1618 1378 1674 1415 X.

274 1471 319 1510 p.
340 1462 429 1509 447.
456 1457 505 1495 Β.
534 1441 650 1509 οἷπερ
690 1451 795 1507 πρὸς
833 1449 972 1495 αὐλὸν
1011 1467 1051 1494 κ.
1084 1468 1126 1495 τ.
1157 1449 1202 1494 λ.
1263 1458 1333 1497 Ita·
1360 1457 1572 1511 legendus
1601 1455 1678 1495 ille

276 1530 399 1570 locus
414 1558 427 1578 ‚
459 1532 534 1583 qui
557 1528 690 1568 hodie
711 1531 1082 1581 inquinatissimus
1104 1540 1179 1570 est.
1232 1531 1390 1570 Sensus
1409 1540 1568 1583 poetae
1590 1538 1675 1568 est:

277 1602 542 1655 Ubicunque
573 1602 629 1640 ad
656 1601 898 1655 potandum
929 1607 1233 1643 convenissent
1259 1603 1456 1652 barbari,
1493 1602 1555 1642 ibi
1577 1616 1680 1655 pro-

280 1679 421 1720 stabat
438 1679 512 1717 illa
530 1678 800 1717 muliercula.
841 1679 986 1732 Vulgo
1004 1680 1165 1734 legitur
1190 1677 1432 1735 πονευμένη
1444 1707 1456 1724 ,
1493 1680 1571 1720 sed
1588 1693 1681 1720 ver-

280 1758 385 1798 bum
412 1750 665 1796 πωλεῖσθαι
692 1759 919 1808 antIquum
951 1768 1036 1807 est,
1072 1762 1120 1798 in
1146 1757 1230 1797 hoc
1260 1761 1520 1798 commercio
1550 1760 1681 1796 usita-

283 1847 388 1875 tum.
441 1833 660 1876 Plutarch.
690 1837 737 1873 in
758 1833 908 1874 Solon.
936 1851 979 1889 p.
1002 1849 1065 1888 91.
1093 1830 1211 1889 πλὴν
1249 1829 1350 1876 ὅσαι
1387 1830 1683 1888 πεφασμένως

283 1908 566 1957 πωλοῦνται,
603 1907 723 1965 λέγω
755 1906 799 1950 δὲ
827 1908 903 1961 τὰς
934 1907 1119 1967 ἑταίρας.
1151 1917 1336 1966 exceptis
1367 1912 1681 1959 meretricibus,

288 2001 402 2041 quae
430 1986 657 2039 propalam
692 1985 866 2025 venales
895 1996 1009 2025 sunt.
1063 1987 1137 2038 (T.
1158 1986 1191 2025 Ι.
1217 2001 1258 2039 p.
1277 1987 1366 2034 561.
1390 1986 1491 2025 edit.
1510 1985 1681 2036 Reisk.)

286 2060 506 2099 Videntur
526 2057 570 2098 hi
589 2073 733 2099 versus
752 2073 849 2111 pars
872 2072 964 2097 esse
984 2058 1136 2107 Iambi,
1164 2073 1252 2112 quo
1274 2057 1557 2097 Archilochus
1575 2056 1682 2097 filias

288 2132 532 2186 Lycambae
549 2133 619 2172 vel
637 2136 773 2184 ipsam
797 2134 925 2171 etiam
946 2131 1182 2172 Neobulen
1204 2131 1420 2170 laceravit.
1433 2134 1465 2156 “

390 2217 444 2255 V.
470 2231 503 2256 1.
532 2212 570 2254 Ο
585 2202 614 2254 ὖ
624 2228 684 2254 πε
697 2227 718 2270 ρ
733 2242 744 2260 ,
772 2219 832 2255 sic
849 2217 1023 2256 Brunck
1042 2231 1122 2269 pro
1152 2209 1295 2269 ὥσπερ
1307 2242 1320 2261 ,
1350 2216 1471 2269 quod
1489 2218 1536 2254 in
1553 2213 1688 2255 Athe-

291 2308 407 2335 naeo
431 2304 515 2342 est,
553 2303 596 2332 et
617 2308 642 2332 a
659 2294 835 2345 Toupio
854 2296 902 2332 in
929 2281 1046 2348 οἷπερ
1074 2305 1297 2334 mutatum.
1349 2295 1465 2334 Illud
1481 2308 1584 2334 vero
1612 2307 1688 2333 au-

296 2367 485 2408 ctoribus
525 2366 579 2405 de
614 2376 738 2405 motu
763 2369 811 2404 in
836 2366 938 2406 loco
965 2371 1169 2407 usitatum
1198 2382 1288 2408 esse
1316 2369 1573 2407 tralaticium
1612 2377 1687 2407 est.

295 2441 500 2497 Sophocl.
530 2442 687 2495 Oedip.
718 2437 786 2482 ἐπὶ
812 2441 867 2481 Κ.
903 2457 941 2483 ν.
960 2457 1024 2497 77.
1062 2434 1210 2485 Αύτοῢ
1240 2442 1345 2499 μὲν,
1375 2433 1509 2497 οὗπερ
1540 2439 1690 2494 κᾶφοὶ-

299 2533 382 2575 νης.
408 2521 580 2574 -Lysias
618 2515 803 2574 ἐπιταφ.
843 2519 1187 2572 Ἀποθανόντες,
1240 2511 1375 2577 οὗπερ
1424 2518 1689 2576 ἐτάχθησαν

297 2594 549 2653 μάχεσθαι.

395 2682 474 2739 II?
490 2680 543 2732 ὸς
580 2672 779 2730 αύλὸν,
814 2688 875 2724 sic
897 2687 1024 2724 etiam
1044 2686 1194 2740 fragm.
1214 2690 1278 2739 44.
1307 2687 1428 2741 quod
1450 2690 1578 2728 etiam
1606 2679 1690 2726 ὑπὸ

298 2759 375 2803 τὸν
398 2754 538 2819 αύλὸν
560 2774 603 2803 et
622 2755 693 2804 ὑπ’
714 2752 856 2804 αύλιοῢ
886 2762 1042 2803 Graeci
1063 2764 1225 2805 dIcunt.
1261 2766 1441 2807 Hesiod.
1460 2763 1584 2805 Ἀσπ.
1602 2770 1689 2811 281.
