1846 3308
822 690 1147 735 cnxxxvn.

515 798 1492 858 PSEUDARCHILOCHUS⁴
1533 824 1538 835 κ

924 895 1053 924 SIVE

291 957 647 999 ARCHILOCHI
679 956 844 996 LIBER
877 955 955 995 DE
990 956 1355 997 TEMPORIBUS
1389 957 1461 998 AB
1496 960 1680 1001 ANNIO

657 1028 1012 1069 VITERBIENSI
1043 1029 1314 1082 EDITUS.⁴‹)

294 1224 520 1297 Maseas
547 1253 743 1293 Phoenix
767 1252 1064 1291 Damascenus
1091 1251 1204 1292 libro
1239 1259 1526 1309 nonagesimo
1554 1263 1684 1312 septi-

293 1340 366 1366 mo
396 1324 670 1365 historiarum
700 1327 848 1364 asserit
877 1333 977 1363 ante
996 1324 1159 1363 Ninum
1176 1325 1313 1367 ferme
1335 1327 1532 1370 ducentis
1557 1335 1684 1384 quin-

296 1404 505 1455 quaginta
534 1401 656 1438 annis
687 1397 816 1436 fuisse
842 1396 1177 1436 inundationem
1205 1408 1412 1440 terrarum
1421 1430 1436 1451 ,
1475 1414 1518 1444 et
1548 1418 1687 1458 quen-

297 1473 422 1520 dam,
479 1474 548 1511 cui
585 1471 881 1510 testimonium
913 1468 1114 1521 perhibet
1143 1472 1321 1512 Moseus
1367 1478 1687 1529 antiquissimus

297 1545 549 1592 historicus,
602 1542 831 1583 liberatum
871 1544 983 1582 circa
1016 1540 1193 1583 fluvium
1219 1546 1389 1586 Araxim
1425 1549 1481 1588 ad
1516 1561 1687 1591 montes

299 1619 500 1670 Caspios,
546 1626 727 1670 tumque
754 1619 921 1656 recenti
954 1615 1079 1656 coelo
1107 1627 1150 1656 et
1177 1617 1275 1657 rudi
1303 1618 1495 1661 humano
1523 1637 1687 1676 genere

297 1695 447 1730 vixisse
479 1704 654 1730 auream
682 1695 835 1738 vitam,
863 1692 910 1729 in
929 1703 1015 1742 qua
1034 1689 1157 1741 nullo
1181 1690 1351 1732 ferente
1369 1693 1513 1749 legem
1532 1706 1688 1738 natura
1708 1736 1709 1739 ,

299 1768 393 1816 ipsa
412 1763 648 1811 vivebatur,
679 1776 910 1816 quousque
927 1763 1066 1803 Ninus
1088 1773 1130 1802 et
1149 1764 1390 1805 Semiramis
1413 1781 1529 1808 arma
1547 1783 1690 1823 popu-

298 1836 351 1876 lis
382 1837 619 1876 inferentes
655 1837 783 1887 primi
817 1837 947 1875 vitam
971 1838 1127 1875 vitiare
1164 1848 1405 1889 coeperunt
1440 1828 1707 1885 humanam.¹

299 1909 499 1949 Tradunt
527 1911 657 1963 igitur
678 1905 885 1947 Chaldaei
911 1911 1049 1960 primo
1073 1918 1116 1948 et
1144 1911 1363 1963 trigesimo
1391 1922 1523 1966 atque
1543 1926 1690 1957 cente-

301 1985 409 2021 simo
439 1981 492 2021 ab
526 1981 679 2036 Ogyge
711 1994 828 2020 anno
857 1994 1060 2035 regnasse
1089 1982 1205 2035 apud
1231 1995 1277 2022 se
1304 1984 1535 2026 Saturnum
1564 2002 1690 2029 avum

300 2054 405 2093 Nini
427 2057 549 2093 annis
574 2067 645 2094 sex
680 2063 723 2093 et
745 2056 1060 2108 quinquaginta
1074 2082 1087 2102 ‚
1121 2057 1397 2109 primumque
1421 2058 1689 2114 Babyloniae

302 2127 589 2166 fundamenta
614 2129 778 2166 iecisse.
842 2127 971 2165 Hunc
999 2137 1193 2166 secutum
1222 2128 1352 2168 fuisse
1370 2130 1523 2170 Belum
1542 2131 1690 2171 Iovem

304 2208 351 2237 et
368 2202 524 2238 rexisse
543 2198 783 2239 Chaldaeos
808 2209 851 2238 et
860 2200 1052 2252 Assyrios
1067 2203 1188 2239 annis
1200 2200 1370 2240 duobus
1390 2211 1433 2241 et
1449 2207 1689 2258 sexaginta:

303 2271 467 2310 Ninum
491 2285 592 2311 vero
615 2271 780 2311 duobus
799 2281 842 2310 et
862 2275 1200 2326 quinquaginta:
1236 2274 1560 2314 Semiramidem
1582 2277 1693 2317 duo-

305 2341 385 2383 bus
409 2353 451 2382 et
473 2344 771 2398 quadraginta.
831 2345 892 2383 Ea
911 2344 1196 2398 Babyloniam
1214 2346 1513 2400 magnitudine
1537 2348 1694 2389 indici-

304 2413 383 2455 bili
396 2419 607 2458 exstruxit.
628 2417 927 2469 Supputantur
944 2419 1074 2471 igitur
1093 2431 1117 2457 a
1129 2418 1245 2457 Nino
1263 2418 1511 2470 adprimum
1529 2435 1692 2462 annum

304 2489 454 2539 speri,
495 2502 583 2541 quo
615 2499 733 2529 ortus
765 2499 828 2529 est
853 2487 1126 2538 Deucalion,
1164 2494 1268 2530 anni
1294 2492 1349 2532 LI
1376 2494 1691 2546 supralCCCC,

340 2605 374 2644 ³¹)
396 2608 448 2636 De
468 2607 590 2637 Annio
617 2608 850 2644 Viterbiensi,
895 2607 1066 2638 monacho
1089 2609 1322 2640 Dominicano
1352 2611 1481 2642 saeculi
1506 2613 1590 2648 XV,
1630 2613 1694 2652 qui

379 2657 564 2694 suppositis
584 2657 760 2688 veteribus
782 2657 982 2686 auctoribus
1002 2658 1138 2695 scriptis
1158 2659 1285 2689 multos
1307 2658 1444 2695 fefellit,
1464 2661 1546 2691 vide
1555 2662 1690 2693 Fabric.

379 2705 550 2736 Biblioth.
580 2706 696 2737 Latin.
730 2707 766 2734 Τ.
791 2707 816 2734 1.
847 2713 880 2743 p.
900 2712 966 2742 377.
997 2715 1031 2737 et
1060 2710 1096 2736 Τ.
1115 2708 1176 2736 111.
1205 2718 1238 2746 p.
1259 2709 1325 2743 336.
1371 2710 1464 2739 Edit.
1496 2711 1568 2742 eius
1605 2721 1695 2743 com-

380 2754 628 2787 mentariorum
647 2763 698 2794 pr.
718 2754 846 2785 Romae
865 2755 957 2796 apud
975 2756 1189 2789 Euchatium
1209 2757 1321 2791 Silber
1343 2763 1427 2798 ²490.
1447 2757 1510 2790 fol.
