1846 3308
838 302 907 311 -
975 293 1074 323 202
1144 305 1212 314 ---

885 417 1148 462 LXXXVI.

453 507 656 559 ’Κλαιέιν
688 510 892 571 Θάσον,
941 509 1008 561 οὖ
1043 512 1112 562 τὰ
1146 513 1442 580 Μαγνήτων
1478 520 1628 571 κακά.

455 689 655 737 Plorare
691 690 944 747 Thasum,
980 688 1070 735 ubi
1103 693 1405 756 Magnetum
1443 695 1591 744 mala.

417 866 571 907 Strabo
600 866 647 906 L.
670 866 787 906 XIV.
817 880 861 919 p.
891 866 981 918 647.
1009 860 1096 903 Καὶ
1134 860 1187 905 τὸ
1225 861 1419 906 παλαιὸν
1461 864 1506 908 δὲ
1544 865 1708 925 συνέβη

315 939 407 989 τοῖς
420 924 669 995 Μάγνησιν
696 936 780 982 ὑπὸ
819 938 1002 997 Τρηρῶν
1042 934 1174 998 ἄρδην
1206 940 1508 1000 ἀναιρεθῆναι,
1539 946 1711 1002 Κιμμε-

247 1056 251 1059 t
314 1017 407 1073 ρίου
429 1015 583 1067 ἔθνους
612 1010 943 1073 εὐτυχήσαντος
969 1014 1112 1060 πολὺν
1140 1018 1318 1077 χρόνον.
1373 1019 1601 1073 Καλλῖνος
1624 1024 1705 1080 μὲν

314 1086 393 1136 οὖν
431 1087 745 1151 εὐτυχούντων
785 1092 849 1137 ἔτι
880 1093 1136 1151 Μαγνήτων
1175 1095 1396 1154 μέμνηται
1434 1098 1509 1141 καὶ
1550 1116 1704 1159 κατορ-

310 1170 513 1214 θούντων
546 1169 588 1214 ἐν
618 1173 686 1228 τῷ
714 1171 818 1229 πρὸς
844 1172 1076 1229 Ἐφεσίους
1103 1170 1312 1230 πολέμῳ·
1355 1172 1630 1234 Ἂρχίλοχος
1660 1178 1706 1222 δὲ

312 1246 378 1291 ἔτι
418 1253 470 1304 (l.
501 1247 613 1307 ἤδη)
651 1250 859 1303 φαίνεται
900 1249 1123 1309 γνωρίζειν
1160 1249 1241 1307 τὴν
1279 1251 1514 1311 γενομένην
1554 1251 1702 1310 αὐτοῖς

313 1327 574 1384 συμφοράν·
615 1326 798 1372 Κλαίειν
831 1330 882 1372 Θ.
925 1344 968 1372 κ.
1007 1345 1048 1372 τ.
1091 1325 1135 1370 λ.
1203 1322 1283 1379 Ἐξ
1311 1321 1367 1373 οὗ
1391 1328 1464 1374 καὶ
1496 1332 1702 1392 νεώτερον

310 1399 418 1447 εἶναι
449 1403 681 1450 Καλλίνου
710 1405 1027 1464 τεκμαίρεσθαι
1056 1405 1246 1464 πάρες-ιν.
1294 1411 1599 1466 Fragmentum
1619 1412 1703 1454 hoc

311 1482 366 1521 ad
402 1486 616 1523 trimetros
643 1484 852 1524 iambicos
895 1484 1067 1524 videtur
1092 1486 1374 1535 pertinuisse,
1422 1487 1491 1524 cui
1522 1485 1703 1527 Fortasse

308 1570 477 1599 tantum
513 1561 671 1613 copula
709 1556 754 1599 δὲ
793 1562 970 1602 excidit:
1015 1555 1162 1600 Θάσον
1202 1555 1247 1600 δὲ
1285 1556 1457 1601 κλαίειν
1495 1573 1535 1601 κ.
1575 1574 1616 1602 τ.
1654 1558 1701 1602 λ.

307 1634 524 1685 Deplorat
550 1644 683 1686 poeta
701 1633 916 1683 Thasum,
954 1648 1068 1689 quae
1089 1634 1242 1674 iisdem
1261 1634 1383 1674 malis
1403 1638 1593 1687 peritura
1623 1646 1700 1686 est,

308 1709 465 1763 quibus
484 1710 709 1763 Magnetes
728 1714 964 1764 perierunt.
1017 1708 1219 1765 Theogn.
1239 1725 1278 1750 v.
1303 1711 1413 1752 1061.
1433 1704 1594 1766 ”Τβρις
1626 1707 1700 1752 καὶ

304 1783 618 1840 Μάγνητας
688 1782 893 1828 άπὼλεσε
935 1780 1008 1825 καὶ
1052 1781 1325 1837 Κολοφῶνα.
1364 1797 1407 1828 et
1447 1799 1574 1828 antea
1614 1791 1701 1827 iam

302 1878 341 1904 v.
365 1865 449 1912 163.
488 1859 648 1904 Τοιάδε
675 1859 748 1903 καὶ
781 1860 1027 1918 Μάγνητας
1056 1859 1283 1905 ἀπώλεσεν
1318 1859 1427 1919 ἔργα
1455 1859 1528 1903 καὶ
1559 1856 1699 1919 ὕβρις,

424 1924 426 1926 V
526 1935 615 1980 Οἷα
645 1937 780 1981 τανῢν
815 1938 928 1996 ἱερὴν
959 1938 1086 1992 τήνδε
1116 1936 1248 1981 πόλιν
1277 1938 1479 1995 κατέχει.

301 2020 529 2074 Magnesia
569 2033 671 2060 vero
698 2021 849 2061 Ioniae
879 2020 1103 2073 oppidum¹
1121 2019 1177 2058 ad
1206 2017 1372 2059 flumen
1391 2019 1694 2066 Maeandrum,

302 2092 461 2132 distans
487 2093 539 2132 ab
559 2093 761 2145 Epheso,
798 2105 847 2133 ut
868 2094 1030 2135 Plinius
1057 2093 1104 2131 L.
1130 2092 1182 2130 V.
1215 2106 1249 2131 c.
1272 2105 1344 2143 29,
1383 2092 1573 2132 sedecim
1600 2091 1696 2130 mil-

299 2164 356 2203 lia
394 2179 620 2216 passuum,
674 2169 785 2206 circa
815 2181 945 2219 quam
983 2167 1031 2205 L.
1059 2166 1204 2216 Scipio
1240 2161 1506 2204 A‘ntiochum
1546 2178 1695 2219 regem

300 2252 457 2291 magna
487 2238 610 2277 clade
633 2237 790 2279 affecit.
852 2239 1018 2279 Similia
1043 2239 1145 2278 loco
1168 2236 1390 2276 Strabonis
1415 2236 1547 2276 habet
1566 2240 1695 2276 etiam

302 2312 503 2351 Clemens
526 2313 644 2353 Alex.
673 2316 875 2355 Stromat.
904 2328 947 2367 p.
967 2322 1056 2367 597.
1084 2308 1320 2366 Μέμνηται
1349 2299 1427 2369 οὖν
1455 2308 1693 2367 (’Δρχι’λο-

296 2388 407 2442 χος)
438 2385 512 2427 καὶ
551 2388 627 2442 τῆς
658 2387 914 2443 Μαγνήτων
956 2385 1176 2437 ἀπωλείας
1217 2385 1479 2444 προςφάτως
1515 2386 1693 2445 γενομέ-

298 2477 382 2519 νης.
462 2463 710 2520 Σιμωνίδης
749 2463 828 2519 μὲν
870 2455 951 2507 οὖν
1001 2462 1121 2506 κατὰ
1157 2461 1436 2520 ’Δρχίλοχον
1478 2464 1691 2521 φέρεται·

297 2539 526 2592 Καλλῖνος
555 2540 599 2584 δὲ
620 2539 906 2598 πρεςβύτερος
934 2536 985 2584 οὗ
1009 2541 1181 2599 μακρῷ.
1212 2541 1301 2582 τῶν
1326 2538 1411 2598 γάρ
1434 2541 1690 2599 Μαγνήτων

298 2619 319 2662 ὁ
349 2619 429 2675 μὲν
453 2617 729 2676 Ἀρχίλοχος
759 2617 1091 2666 ἀπολωλότων,
1129 2618 1152 2661 ὁ
1193 2617 1237 2660 δὲ
1265 2615 1593 2677 εὐημερούντων
1617 2617 1690 2676 μέ-

296 2713 471 2754 μνηται.
535 2701 587 2741 ld
617 2701 739 2754 quod
769 2702 929 2740 factum
961 2714 1052 2741 esse
1075 2700 1232 2752 ⁴paullo
1260 2710 1361 2740 ante
1394 2700 1568 2755 Olymp.
1587 2699 1688 2741 XX.

294 2774 477 2815 videtur.
547 2773 676 2814 Unde
703 2772 976 2819 Athenaeum
1005 2776 1214 2814 memoria
1244 2773 1413 2826 lapsum
1450 2786 1564 2823 esse,
1619 2771 1686 2811 vel
