1846 3308
274 427 392 467 notis
427 423 536 464 haec
571 422 788 463 observat:
834 422 1089 476 „Aeschylo
1128 423 1197 464 hic
1232 423 1354 466 locus
1388 426 1591 468 tribuitur
1623 432 1672 469 in

276 499 389 539 Cod.
418 498 516 537 Vat.
534 496 645 548 Aug.
673 497 983 547 Escurialensi,
1021 500 1099 537 etsi
1125 500 1173 538 in
1199 502 1357 539 nostris
1382 499 1583 555 Aeschyli
1608 502 1673 542 fa-

276 573 391 612 bulis
420 584 513 611 non
542 569 721 621 amplius
747 569 931 623 legatur.
981 571 1184 611 Eundem
1210 582 1379 621 tamen,
1421 575 1500 611 etsi
1529 575 1672 613 minus

277 650 518 700 integrum,
559 657 609 682 ex
633 641 895 682 Archilocho
923 642 1050 682 Pario
1086 647 1188 684 citat
1215 644 1416 684 Clemens
1442 645 1597 684 Strorn.
1616 644 1672 686 V.

275 740 319 779 p.
354 725 441 776 609.
487 716 688 760 Τοιαῦτα
732 716 807 758 καὶ
857 713 879 757 ὁ
918 716 976 757 Π.
1012 715 1142 773 Ἀρχ.
1181 734 1223 771 κ.
1266 735 1309 763 τ.
1342 718 1385 761 λ.
1432 732 1483 761 ut
1527 737 1670 775 supra.

277 798 513 838 Clementis
549 805 696 833 tamen
733 795 1012 842 auctoritate,
1070 798 1234 848 quippe
1270 799 1346 848 qui
1381 795 1489 835 haec
1523 795 1671 846 verba,

276 871 478 925 neglecta
504 870 668 907 ratione
696 869 896 915 metrica,
949 880 1000 906 ex
1024 866 1118 909 sola
1143 870 1352 907 memoria
1381 871 1543 916 citavit,
1580 883 1676 910 non.

277 926 425 997 magni
446 940 691 982 faciendam
714 953 806 979 esse
828 942 1012 992 quisque
1030 940 1158 980 facile
1178 941 1307 980 videt.
1357 940 1571 995 Aeschylo
1594 945 1674 981 ita-

280 1030 367 1071 que
398 1029 449 1054 ea
478 1028 527 1053 ex
559 1013 685 1052 codd.
717 1016 972 1053 auctoritate
999 1012 1232 1053 tribuenda
1258 1017 1430 1065 putavi,
1474 1016 1553 1054 etsi
1578 1013 1675 1054 fieri

279 1087 458 1143 quoque
494 1089 708 1140 potuerit,
754 1095 804 1126 ut
837 1088 931 1139 ipse
964 1085 1200 1142 Aeschylus
1238 1100 1290 1127 ea
1326 1100 1378 1127 ex
1408 1086 1673 1128 Archilocho

280 1161 613 1203 adumbraverit.
630 1162 662 1184 “
1020 1159 1023 1164 ’

379 1241 542 1279 Contra
569 1237 675 1277 haec
702 1237 919 1278 observari
953 1248 1119 1292 potest:
1158 1239 1203 1290 1)
1224 1237 1473 1279 Archilochi
1505 1250 1673 1279 nomen

275 1320 323 1357 in
353 1313 480 1353 codd.
508 1325 637 1364 saepe
665 1320 955 1365 permutatum
983 1325 1099 1359 esse,
1145 1321 1193 1354 ut
1220 1312 1411 1352 ostendit
1434 1311 1672 1351 Ruhnken.

279 1389 335 1429 ad
370 1386 526 1426 Vellei.
564 1384 727 1424 Patere.
762 1384 809 1423 L.
836 1383 870 1422 Ι.
907 1384 955 1422 C.
988 1398 1050 1424 20⁶
1100 1398 1196 1424 cum
1245 1384 1500 1435 nominibus,
1530 1385 1674 1424 Dino‘-

275 1460 411 1508 lochi,
438 1455 754 1509 Aristophanis,
782 1455 1029 1505 Aristarchi,
1065 1457 1203 1508 (adde
1229 1458 1465 1508 Antilochi,
1493 1456 1674 1510 Amphi-

275 1533 422 1580 lochi,
456 1529 716 1572 Antimachi.
752 1529 837 1569 vid.
873 1530 1026 1583 fragm.
1054 1543 1091 1582 7.
1120 1531 1182 1571 26.
1215 1537 1300 1583 159.
1334 1543 1417 1584 179.
1452 1536 1535 1577 180.
1567 1531 1669 1582 181.)

277 1612 397 1649 cuius
419 1606 749 1659 permutationis
774 1602 966 1655 exempla
984 1606 1031 1642 in
1054 1603 1117 1642 his
1143 1606 1243 1656 ipsis
1271 1604 1521 1659 fragmentis
1542 1603 1671 1655 plura

275 1688 521 1722 occurrunt.
593 1677 708 1715 Hinc
746 1676 936 1716 Fortassis
979 1680 1106 1716 etiam
1149 1677 1312 1716 sactum
1347 1687 1435 1726 est,
1487 1685 1538 1717 ut
1573 1689 1672 1715 eum

274 1756 441 1794 nomen
468 1748 717 1790 Archilochi
753 1752 800 1788 in
826 1762 917 1788 uno
957 1748 1033 1789 illo
1070 1749 1222 1789 codice
1249 1750 1450 1797 Stobaei,
1493 1762 1543 1787 ex
1580 1762 1670 1802 quo

276 1828 409 1867 ceteri
442 1822 629 1870 fluxere,
685 1822 756 1863 vel
792 1821 1014 1862 obscurius
1055 1821 1124 1863 vel
1161 1822 1423 1874 compendio
1448 1826 1670 1875 scriptum,

273 1899 343 1939 vel
373 1900 501 1938 etiam
537 1898 764 1936 oscitantia
790 1894 955 1934 librarii
979 1905 1271 1947 permutatum
1300 1905 1434 1944 esset,
1481 1893 1671 1949 Aeschy-

271 1973 338 2012 lus
366 1969 614 2011 Archilochi
640 1969 788 2009 locum
813 1979 1056 2022 occuparet.
1110 1967 1315 2017 Accedit,
1352 1967 1474 2022 quod
1498 1971 1545 2007 in
1570 1968 1671 2006 Far-

273 2048 456 2085 nesiano
487 2043 663 2091 codice,
700 2052 749 2081 ut
775 2040 927 2082 Iacobs
955 2051 1158 2089 testatur,
1198 2041 1253 2080 ad
1278 2054 1443 2082 nomen
1467 2038 1669 2094 Aeschyli

276 2122 471 2162 additum
500 2131 563 2160 est
589 2115 664 2172 μή.
724 2121 772 2172 2)
801 2121 979 2160 Praeter
1007 2121 1276 2159 Clementem
1305 2121 1432 2158 etiam
1454 2117 1667 2157 Eusebius

273 2193 536 2234 Archilocho
557 2192 634 2232 hos
662 2207 806 2232 versus
835 2192 998 2239 tribuit,
1029 2205 1159 2244 quem
1186 2194 1221 2230 si
1245 2190 1424 2230 obiicias
1446 2189 1593 2229 locum
1616 2203 1667 2228 ex

274 2267 502 2306 Clemente
533 2268 752 2312 sumsisse,
793 2279 920 2304 voces
955 2263 1087 2303 habet
1114 2273 1156 2302 et
1181 2263 1415 2311 lectiones,
1454 2275 1567 2314 quae
1596 2262 1668 2301 vel

277 2341 540 2379 contrarium
572 2347 776 2390 arguant,
806 2337 874 2376 vel
901 2336 1157 2382 ostendant,
1185 2334 1318 2375 verba
1344 2334 1593 2374 Archilochi
1619 2338 1668 2375 in

275 2411 502 2451 Clemente
531 2410 584 2450 ab
612 2410 796 2452 librariis
833 2398 1018 2461 pessime
1046 2408 1217 2457 habita,
1255 2421 1352 2448 non
1380 2422 1431 2448 ex
1454 2411 1667 2448 memoria

277 2487 405 2526 citata
433 2495 549 2530 esse,
584 2492 634 2522 ut
663 2482 775 2525 adeo
804 2485 960 2522 mirum
987 2495 1081 2522 non
1108 2484 1183 2530 sit,
1211 2484 1426 2523 rationem
1443 2484 1666 2521 metricam

279 2557 507 2609 collapsam
538 2569 643 2594 esse.

367 2630 472 2675 Ἐπ’
512 2624 787 2687 οὐρανίων
828 2630 921 2674 καὶ
963 2630 1265 2688 ἀνθρώπων
1307 2630 1449 2689 ὁρᾷς.
1502 2637 1572 2677 Sic
1599 2635 1664 2676 Cl.

273 2713 475 2769 Heeren,
512 2711 649 2753 relato
678 2706 745 2751 ἐπὶ
776 2713 831 2753 ad
861 2707 986 2767 ὁρᾷς,
1023 2708 1210 2766 ἐφορᾷςτ
1240 2727 1386 2767 neque
1413 2724 1560 2753 tamen
1585 2715 1664 2751 im-

271 2789 430 2840 probat
465 2784 731 2844 ἐπουρανίων
757 2805 836 2845 pro
863 2786 1006 2837 fiat-m
1054 2793 1174 2844 quod
1207 2807 1306 2834 vero
1342 2806 1438 2833 cum
1475 2793 1663 2832 otiosum

670 2856 684 2876 Ι
