<?xml version="1.0" encoding="UTF-8"?>
<!DOCTYPE html PUBLIC "-//W3C//DTD XHTML 1.0 Transitional//EN"
    "http://www.w3.org/TR/xhtml1/DTD/xhtml1-transitional.dtd">
<html xmlns="http://www.w3.org/1999/xhtml" xml:lang="en" lang="en">
 <head>
  <title>
</title>
<meta http-equiv="Content-Type" content="text/html;charset=utf-8" />
  <meta name='ocr-system' content='tesseract 3.04.00' />
  <meta name='ocr-capabilities' content='ocr_page ocr_carea ocr_par ocr_line ocrx_word'/>
</head>
<body>
  <div class='ocr_page' id='page_1' title='image "./iambographorumpr00archuoft_0196.png"; bbox 0 0 1846 3308; ppageno 0'>
   <div class='ocr_carea' id='block_1_1' title="bbox 276 402 1671 1178">
    <p class='ocr_par' dir='ltr' id='par_1_1' title="bbox 276 402 1671 1178">
     <span class='ocr_line' id='line_1_1' title="bbox 280 402 1669 455; baseline 0.001 -6"><span class='ocrx_word' id='word_1_1' title='bbox 280 420 305 449; x_wconf 78' lang='lat' dir='ltr'>&#39;e</span> <span class='ocrx_word' id='word_1_2' title='bbox 327 410 517 447; x_wconf 81' lang='lat' dir='ltr'>trimetro</span> <span class='ocrx_word' id='word_1_3' title='bbox 538 402 726 444; x_wconf 86' lang='lat' dir='ltr'>iambico</span> <span class='ocrx_word' id='word_1_4' title='bbox 749 403 999 445; x_wconf 79' lang='lat' dir='ltr'>catalectico</span> <span class='ocrx_word' id='word_1_5' title='bbox 1018 404 1221 455; x_wconf 81' lang='lat' dir='ltr'>subsistit,</span> <span class='ocrx_word' id='word_1_6' title='bbox 1243 407 1291 446; x_wconf 89' lang='lat' dir='ltr'>id</span> <span class='ocrx_word' id='word_1_7' title='bbox 1309 417 1392 447; x_wconf 88' lang='lat' dir='ltr'>est:</span> <span class='ocrx_word' id='word_1_8' title='bbox 1421 409 1669 451; x_wconf 86' lang='lat' dir='ltr'>trahunt-</span> 
     </span>
     <span class='ocr_line' id='line_1_2' title="bbox 282 475 1671 536; baseline 0.002 -16"><span class='ocrx_word' id='word_1_9' title='bbox 282 495 387 536; x_wconf 88' lang='lat' dir='ltr'>que</span> <span class='ocrx_word' id='word_1_10' title='bbox 413 483 586 519; x_wconf 80' lang='lat' dir='ltr'>siccas</span> <span class='ocrx_word' id='word_1_11' title='bbox 613 475 905 516; x_wconf 79' lang='lat' dir='ltr'>machinae</span> <span class='ocrx_word' id='word_1_12' title='bbox 931 480 1174 527; x_wconf 84' lang='lat' dir='ltr'>carinas,</span> <span class='ocrx_word' id='word_1_13' title='bbox 1203 479 1333 519; x_wconf 88' lang='lat' dir='ltr'>simili</span> <span class='ocrx_word' id='word_1_14' title='bbox 1365 481 1556 522; x_wconf 85' lang='lat' dir='ltr'>clausula</span> <span class='ocrx_word' id='word_1_15' title='bbox 1584 493 1671 523; x_wconf 88' lang='lat' dir='ltr'>ter-</span> 
     </span>
     <span class='ocr_line' id='line_1_3' title="bbox 276 549 1670 606; baseline 0.001 -12"><span class='ocrx_word' id='word_1_16' title='bbox 276 558 463 594; x_wconf 89' lang='lat' dir='ltr'>minatos</span> <span class='ocrx_word' id='word_1_17' title='bbox 490 555 538 592; x_wconf 90' lang='lat' dir='ltr'>in</span> <span class='ocrx_word' id='word_1_18' title='bbox 579 550 768 590; x_wconf 89' lang='lat' dir='ltr'>eundem</span> <span class='ocrx_word' id='word_1_19' title='bbox 806 549 961 590; x_wconf 85' lang='lat' dir='ltr'>cadere</span> <span class='ocrx_word' id='word_1_20' title='bbox 996 563 1249 600; x_wconf 85' lang='lat' dir='ltr'>numerum,</span> <span class='ocrx_word' id='word_1_21' title='bbox 1305 566 1439 606; x_wconf 88' lang='lat' dir='ltr'>quum</span> <span class='ocrx_word' id='word_1_22' title='bbox 1475 554 1670 594; x_wconf 78' lang='lat' dir='ltr'>diversae</span> 
     </span>
     <span class='ocr_line' id='line_1_4' title="bbox 278 624 1670 679; baseline 0 -12"><span class='ocrx_word' id='word_1_23' title='bbox 278 629 458 668; x_wconf 84' lang='lat' dir='ltr'>rationis</span> <span class='ocrx_word' id='word_1_24' title='bbox 505 627 620 663; x_wconf 89' lang='lat' dir='ltr'>inter</span> <span class='ocrx_word' id='word_1_25' title='bbox 655 637 701 663; x_wconf 91' lang='lat' dir='ltr'>se</span> <span class='ocrx_word' id='word_1_26' title='bbox 738 626 996 677; x_wconf 83' lang='lat' dir='ltr'><strong>generisque</strong></span> <span class='ocrx_word' id='word_1_27' title='bbox 1030 624 1305 673; x_wconf 86' lang='lat' dir='ltr'>viderentur,</span> <span class='ocrx_word' id='word_1_28' title='bbox 1363 629 1528 679; x_wconf 82' lang='lat' dir='ltr'>quippe</span> <span class='ocrx_word' id='word_1_29' title='bbox 1571 641 1670 667; x_wconf 89' lang='lat' dir='ltr'>cum</span> 
     </span>
     <span class='ocr_line' id='line_1_5' title="bbox 281 696 1671 752; baseline 0 -12"><span class='ocrx_word' id='word_1_30' title='bbox 281 701 390 740; x_wconf 82' lang='lat' dir='ltr'>alter</span> <span class='ocrx_word' id='word_1_31' title='bbox 425 696 638 752; x_wconf 78' lang='lat' dir='ltr'>dactylico</span> <span class='ocrx_word' id='word_1_32' title='bbox 672 705 837 743; x_wconf 89' lang='lat' dir='ltr'>metro,</span> <span class='ocrx_word' id='word_1_33' title='bbox 875 696 983 736; x_wconf 88' lang='lat' dir='ltr'>alter</span> <span class='ocrx_word' id='word_1_34' title='bbox 1007 696 1194 736; x_wconf 82' lang='lat' dir='ltr'>iambico</span> <span class='ocrx_word' id='word_1_35' title='bbox 1233 709 1479 738; x_wconf 83' lang='lat' dir='ltr'>censeatur:</span> <span class='ocrx_word' id='word_1_36' title='bbox 1524 709 1671 740; x_wconf 85' lang='lat' dir='ltr'>tamen</span> 
     </span>
     <span class='ocr_line' id='line_1_6' title="bbox 280 767 1669 822; baseline -0.001 -10"><span class='ocrx_word' id='word_1_37' title='bbox 280 770 528 813; x_wconf 81' lang='lat' dir='ltr'>adiiciendo</span> <span class='ocrx_word' id='word_1_38' title='bbox 549 771 703 808; x_wconf 87' lang='lat' dir='ltr'>maiori</span> <span class='ocrx_word' id='word_1_39' title='bbox 722 767 930 822; x_wconf 83' lang='lat' dir='ltr'>syllabam</span> <span class='ocrx_word' id='word_1_40' title='bbox 951 779 994 808; x_wconf 91' lang='lat' dir='ltr'>et</span> <span class='ocrx_word' id='word_1_41' title='bbox 1021 769 1292 810; x_wconf 88' lang='lat' dir='ltr'>detrahendo</span> <span class='ocrx_word' id='word_1_42' title='bbox 1322 773 1481 811; x_wconf 89' lang='lat' dir='ltr'>minori</span> <span class='ocrx_word' id='word_1_43' title='bbox 1512 785 1669 812; x_wconf 90' lang='lat' dir='ltr'>conce-</span> 
     </span>
     <span class='ocr_line' id='line_1_7' title="bbox 281 840 1670 893; baseline 0 -7"><span class='ocrx_word' id='word_1_44' title='bbox 281 856 401 886; x_wconf 90' lang='lat' dir='ltr'>cutus</span> <span class='ocrx_word' id='word_1_45' title='bbox 441 852 526 890; x_wconf 89' lang='lat' dir='ltr'>est,</span> <span class='ocrx_word' id='word_1_46' title='bbox 574 850 624 879; x_wconf 88' lang='lat' dir='ltr'>ut</span> <span class='ocrx_word' id='word_1_47' title='bbox 657 850 843 893; x_wconf 86' lang='lat' dir='ltr'>uterque</span> <span class='ocrx_word' id='word_1_48' title='bbox 876 840 1105 893; x_wconf 83' lang='lat' dir='ltr'>phalaecio</span> <span class='ocrx_word' id='word_1_49' title='bbox 1142 853 1280 883; x_wconf 88' lang='lat' dir='ltr'>metro</span> <span class='ocrx_word' id='word_1_50' title='bbox 1321 845 1670 886; x_wconf 80' lang='lat' dir='ltr'>concluderetur.</span> 
     </span>
     <span class='ocr_line' id='line_1_8' title="bbox 277 912 1669 973; baseline 0 -15"><span class='ocrx_word' id='word_1_51' title='bbox 277 921 389 960; x_wconf 87' lang='lat' dir='ltr'>Nam</span> <span class='ocrx_word' id='word_1_52' title='bbox 424 917 622 968; x_wconf 84' lang='lat' dir='ltr'>superior</span> <span class='ocrx_word' id='word_1_53' title='bbox 650 912 896 965; x_wconf 83' lang='lat' dir='ltr'>hexameter</span> <span class='ocrx_word' id='word_1_54' title='bbox 930 915 1015 953; x_wconf 87' lang='lat' dir='ltr'>sic:</span> <span class='ocrx_word' id='word_1_55' title='bbox 1050 914 1174 954; x_wconf 88' lang='lat' dir='ltr'>Veris</span> <span class='ocrx_word' id='word_1_56' title='bbox 1204 926 1247 955; x_wconf 89' lang='lat' dir='ltr'>et</span> <span class='ocrx_word' id='word_1_57' title='bbox 1275 916 1444 962; x_wconf 87' lang='lat' dir='ltr'>favoni;</span> <span class='ocrx_word' id='word_1_58' title='bbox 1482 931 1669 973; x_wconf 88' lang='lat' dir='ltr'>sequens</span> 
     </span>
     <span class='ocr_line' id='line_1_9' title="bbox 279 985 1670 1043; baseline -0.001 -11"><span class='ocrx_word' id='word_1_59' title='bbox 279 996 472 1032; x_wconf 85' lang='lat' dir='ltr'>trimeter</span> <span class='ocrx_word' id='word_1_60' title='bbox 513 991 595 1026; x_wconf 87' lang='lat' dir='ltr'>sic:</span> <span class='ocrx_word' id='word_1_61' title='bbox 642 985 874 1025; x_wconf 87' lang='lat' dir='ltr'>Machinae</span> <span class='ocrx_word' id='word_1_62' title='bbox 919 988 1105 1026; x_wconf 80' lang='lat' dir='ltr'>carinas:</span> <span class='ocrx_word' id='word_1_63' title='bbox 1154 1002 1266 1041; x_wconf 88' lang='lat' dir='ltr'>quae</span> <span class='ocrx_word' id='word_1_64' title='bbox 1311 999 1498 1043; x_wconf 86' lang='lat' dir='ltr'>utraque</span> <span class='ocrx_word' id='word_1_65' title='bbox 1535 991 1670 1030; x_wconf 88' lang='lat' dir='ltr'>tribus</span> 
     </span>
     <span class='ocr_line' id='line_1_10' title="bbox 277 1057 1670 1112; baseline -0.002 -7"><span class='ocrx_word' id='word_1_66' title='bbox 277 1063 491 1105; x_wconf 81' lang='lat' dir='ltr'>trochaeis</span> <span class='ocrx_word' id='word_1_67' title='bbox 510 1060 702 1106; x_wconf 84' lang='lat' dir='ltr'>annexis,</span> <span class='ocrx_word' id='word_1_68' title='bbox 728 1057 774 1097; x_wconf 83' lang='lat' dir='ltr'>id</span> <span class='ocrx_word' id='word_1_69' title='bbox 797 1068 872 1106; x_wconf 90' lang='lat' dir='ltr'>est,</span> <span class='ocrx_word' id='word_1_70' title='bbox 901 1069 1038 1099; x_wconf 87' lang='lat' dir='ltr'>metro</span> <span class='ocrx_word' id='word_1_71' title='bbox 1063 1059 1290 1112; x_wconf 87' lang='lat' dir='ltr'>phalaecio</span> <span class='ocrx_word' id='word_1_72' title='bbox 1312 1065 1572 1102; x_wconf 82' lang='lat' dir='ltr'>terminante</span> <span class='ocrx_word' id='word_1_73' title='bbox 1594 1063 1670 1103; x_wconf 91' lang='lat' dir='ltr'>ad-</span> 
     </span>
     <span class='ocr_line' id='line_1_11' title="bbox 277 1130 1174 1178; baseline -0.007 1"><span class='ocrx_word' id='word_1_74' title='bbox 277 1138 458 1178; x_wconf 88' lang='lat' dir='ltr'>modum</span> <span class='ocrx_word' id='word_1_75' title='bbox 484 1137 598 1172; x_wconf 88' lang='lat' dir='ltr'>inter</span> <span class='ocrx_word' id='word_1_76' title='bbox 617 1145 662 1170; x_wconf 91' lang='lat' dir='ltr'>se</span> <span class='ocrx_word' id='word_1_77' title='bbox 686 1130 892 1170; x_wconf 88' lang='lat' dir='ltr'>decenter</span> <span class='ocrx_word' id='word_1_78' title='bbox 918 1143 1174 1173; x_wconf 83' lang='lat' dir='ltr'>consonant.</span> 
     </span>
    </p>
   </div>
   <div class='ocr_carea' id='block_1_2' title="bbox 279 1213 1673 1429">
    <p class='ocr_par' dir='ltr' id='par_1_2' title="bbox 279 1213 1673 1429">
     <span class='ocr_line' id='line_1_12' title="bbox 327 1213 1671 1275; baseline -0.001 -12"><span class='ocrx_word' id='word_1_79' title='bbox 327 1222 329 1224; x_wconf 70' lang='grc'><strong>’</strong></span> <span class='ocrx_word' id='word_1_80' title='bbox 384 1225 431 1264; x_wconf 87' lang='lat' dir='ltr'>V.</span> <span class='ocrx_word' id='word_1_81' title='bbox 454 1238 487 1262; x_wconf 88' lang='lat'>1.</span> <span class='ocrx_word' id='word_1_82' title='bbox 516 1215 620 1258; x_wconf 84' lang='grc' dir='ltr'>Φιλ</span> <span class='ocrx_word' id='word_1_83' title='bbox 635 1214 832 1273; x_wconf 72' lang='grc' dir='ltr'>ότητος</span> <span class='ocrx_word' id='word_1_84' title='bbox 859 1213 909 1272; x_wconf 75' lang='grc' dir='ltr'>ἔρ</span> <span class='ocrx_word' id='word_1_85' title='bbox 923 1232 955 1258; x_wconf 87' lang='grc' dir='ltr'>ω</span> <span class='ocrx_word' id='word_1_86' title='bbox 972 1233 1002 1269; x_wconf 82' lang='grc' dir='ltr'>ς.</span> <span class='ocrx_word' id='word_1_87' title='bbox 1052 1223 1135 1261; x_wconf 91' lang='lat' dir='ltr'>Pro</span> <span class='ocrx_word' id='word_1_88' title='bbox 1159 1221 1414 1261; x_wconf 86' lang='lat' dir='ltr'>concubitus</span> <span class='ocrx_word' id='word_1_89' title='bbox 1436 1221 1671 1275; x_wconf 82' lang='lat' dir='ltr'>cupiditate</span> 
     </span>
     <span class='ocr_line' id='line_1_13' title="bbox 281 1290 1671 1358; baseline -0.004 -14"><span class='ocrx_word' id='word_1_90' title='bbox 281 1302 582 1358; x_wconf 82' lang='lat' dir='ltr'>accipiendum</span> <span class='ocrx_word' id='word_1_91' title='bbox 600 1313 692 1338; x_wconf 88' lang='lat' dir='ltr'>esse</span> <span class='ocrx_word' id='word_1_92' title='bbox 719 1308 844 1351; x_wconf 89' lang='lat' dir='ltr'>putat</span> <span class='ocrx_word' id='word_1_93' title='bbox 866 1298 1032 1340; x_wconf 88' lang='lat' dir='ltr'>Iacobs.</span> <span class='ocrx_word' id='word_1_94' title='bbox 1050 1290 1193 1354; x_wconf 69' lang='grc' dir='ltr'>’Ἔρως</span> <span class='ocrx_word' id='word_1_95' title='bbox 1219 1306 1359 1350; x_wconf 87' lang='lat' dir='ltr'>enim,</span> <span class='ocrx_word' id='word_1_96' title='bbox 1388 1310 1437 1339; x_wconf 90' lang='lat' dir='ltr'>ut</span> <span class='ocrx_word' id='word_1_97' title='bbox 1457 1299 1671 1348; x_wconf 82' lang='lat' dir='ltr'>observat,</span> 
     </span>
     <span class='ocr_line' id='line_1_14' title="bbox 279 1371 1673 1429; baseline -0.005 -11"><span class='ocrx_word' id='word_1_98' title='bbox 279 1391 411 1429; x_wconf 85' lang='lat' dir='ltr'>saepe</span> <span class='ocrx_word' id='word_1_99' title='bbox 433 1372 695 1414; x_wconf 80' lang='lat' dir='ltr'>desiderium</span> <span class='ocrx_word' id='word_1_100' title='bbox 716 1371 941 1427; x_wconf 81' lang='lat' dir='ltr'>significat,</span> <span class='ocrx_word' id='word_1_101' title='bbox 960 1373 1202 1415; x_wconf 88' lang='lat' dir='ltr'>illustrante</span> <span class='ocrx_word' id='word_1_102' title='bbox 1213 1374 1428 1414; x_wconf 87' lang='lat' dir='ltr'>Brunckio</span> <span class='ocrx_word' id='word_1_103' title='bbox 1448 1371 1560 1411; x_wconf 89' lang='lat' dir='ltr'>hanc</span> <span class='ocrx_word' id='word_1_104' title='bbox 1582 1375 1673 1411; x_wconf 88' lang='lat' dir='ltr'>eius</span> 
     </span>
    </p>
   </div>
   <div class='ocr_carea' id='block_1_3' title="bbox 276 1444 1674 1581">
    <p class='ocr_par' dir='ltr' id='par_1_3' title="bbox 276 1444 1674 1581">
     <span class='ocr_line' id='line_1_15' title="bbox 280 1444 1674 1509; baseline -0.005 -14"><span class='ocrx_word' id='word_1_105' title='bbox 280 1452 641 1509; x_wconf 80' lang='lat' dir='ltr'>significationem</span> <span class='ocrx_word' id='word_1_106' title='bbox 678 1449 733 1489; x_wconf 86' lang='lat' dir='ltr'>acl</span> <span class='ocrx_word' id='word_1_107' title='bbox 761 1449 918 1502; x_wconf 84' lang='lat' dir='ltr'>Oedip.</span> <span class='ocrx_word' id='word_1_108' title='bbox 958 1451 1113 1490; x_wconf 86' lang='lat' dir='ltr'>Colon.</span> <span class='ocrx_word' id='word_1_109' title='bbox 1153 1466 1190 1491; x_wconf 94' lang='lat' dir='ltr'>v.</span> <span class='ocrx_word' id='word_1_110' title='bbox 1209 1453 1298 1503; x_wconf 77' lang='lat'><strong><em>567.</em></strong></span> <span class='ocrx_word' id='word_1_111' title='bbox 1352 1444 1546 1502; x_wconf 74' lang='grc' dir='ltr'>Φιλότης</span> <span class='ocrx_word' id='word_1_112' title='bbox 1570 1462 1674 1489; x_wconf 87' lang='lat' dir='ltr'>vero</span> 
     </span>
     <span class='ocr_line' id='line_1_16' title="bbox 276 1521 1616 1581; baseline -0.002 -17"><span class='ocrx_word' id='word_1_113' title='bbox 276 1541 358 1581; x_wconf 85' lang='lat' dir='ltr'>pro</span> <span class='ocrx_word' id='word_1_114' title='bbox 383 1521 620 1564; x_wconf 87' lang='lat' dir='ltr'>concubitu</span> <span class='ocrx_word' id='word_1_115' title='bbox 640 1521 879 1562; x_wconf 87' lang='lat' dir='ltr'>adhibitum</span> <span class='ocrx_word' id='word_1_116' title='bbox 906 1525 953 1562; x_wconf 93' lang='lat' dir='ltr'>in</span> <span class='ocrx_word' id='word_1_117' title='bbox 973 1524 1168 1564; x_wconf 88' lang='lat' dir='ltr'>Homero</span> <span class='ocrx_word' id='word_1_118' title='bbox 1186 1536 1280 1563; x_wconf 89' lang='lat' dir='ltr'>non</span> <span class='ocrx_word' id='word_1_119' title='bbox 1296 1538 1395 1564; x_wconf 86' lang='lat' dir='ltr'>raro</span> <span class='ocrx_word' id='word_1_120' title='bbox 1416 1525 1616 1564; x_wconf 87' lang='lat' dir='ltr'>occurrit.</span> 
     </span>
    </p>
   </div>
   <div class='ocr_carea' id='block_1_4' title="bbox 274 1604 1676 1976">
    <p class='ocr_par' dir='ltr' id='par_1_4' title="bbox 274 1604 1676 1976">
     <span class='ocr_line' id='line_1_17' title="bbox 379 1604 1675 1665; baseline -0.001 -13"><span class='ocrx_word' id='word_1_121' title='bbox 379 1607 513 1652; x_wconf 64' lang='lat' dir='ltr'><strong><em>‘Tm-b</em></strong></span> <span class='ocrx_word' id='word_1_122' title='bbox 546 1605 779 1665; x_wconf 74' lang='grc' dir='ltr'><em>καρδίην</em></span> <span class='ocrx_word' id='word_1_123' title='bbox 809 1604 1088 1658; x_wconf 71' lang='grc' dir='ltr'>ἐλυσθείς.</span> <span class='ocrx_word' id='word_1_124' title='bbox 1151 1612 1315 1651; x_wconf 86' lang='lat' dir='ltr'>Similia</span> <span class='ocrx_word' id='word_1_125' title='bbox 1345 1621 1446 1652; x_wconf 87' lang='lat' dir='ltr'>sunt</span> <span class='ocrx_word' id='word_1_126' title='bbox 1477 1611 1553 1651; x_wconf 87' lang='lat' dir='ltr'>illa</span> <span class='ocrx_word' id='word_1_127' title='bbox 1582 1612 1675 1651; x_wconf 91' lang='lat' dir='ltr'>Ho-</span> 
     </span>
     <span class='ocr_line' id='line_1_18' title="bbox 276 1681 1676 1747; baseline -0.005 -14"><span class='ocrx_word' id='word_1_128' title='bbox 276 1695 386 1742; x_wconf 82' lang='lat' dir='ltr'>meri</span> <span class='ocrx_word' id='word_1_129' title='bbox 404 1693 451 1731; x_wconf 90' lang='lat' dir='ltr'>Il.</span> <span class='ocrx_word' id='word_1_130' title='bbox 479 1681 521 1736; x_wconf 76' lang='grc' dir='ltr'>ξ.</span> <span class='ocrx_word' id='word_1_131' title='bbox 550 1704 586 1729; x_wconf 85' lang='grc' dir='ltr'>ν.</span> <span class='ocrx_word' id='word_1_132' title='bbox 607 1694 693 1736; x_wconf 79' lang='lat'>315.</span> <span class='ocrx_word' id='word_1_133' title='bbox 716 1688 770 1727; x_wconf 91' lang='lat' dir='ltr'>de</span> <span class='ocrx_word' id='word_1_134' title='bbox 794 1700 962 1727; x_wconf 86' lang='lat' dir='ltr'>amore:</span> <span class='ocrx_word' id='word_1_135' title='bbox 999 1683 1151 1747; x_wconf 64' lang='grc' dir='ltr'>Θυμὸγ</span> <span class='ocrx_word' id='word_1_136' title='bbox 1175 1684 1235 1727; x_wconf 77' lang='grc' dir='ltr'>ἐνὶ</span> <span class='ocrx_word' id='word_1_137' title='bbox 1265 1684 1443 1741; x_wconf 68' lang='grc' dir='ltr'><em>ςήθεσσι</em></span> <span class='ocrx_word' id='word_1_138' title='bbox 1474 1698 1676 1741; x_wconf 72' lang='grc' dir='ltr'>περιπρο-</span> 
     </span>
     <span class='ocr_line' id='line_1_19' title="bbox 276 1756 1672 1825; baseline -0.005 -16"><span class='ocrx_word' id='word_1_139' title='bbox 276 1764 436 1825; x_wconf 69' lang='grc' dir='ltr'>χυθεὶς</span> <span class='ocrx_word' id='word_1_140' title='bbox 486 1763 740 1817; x_wconf 75' lang='grc' dir='ltr'>ἐδάμασσεν.</span> <span class='ocrx_word' id='word_1_141' title='bbox 776 1765 825 1805; x_wconf 90' lang='lat' dir='ltr'>Il.</span> <span class='ocrx_word' id='word_1_142' title='bbox 853 1776 896 1816; x_wconf 76' lang='grc' dir='ltr'>γ.</span> <span class='ocrx_word' id='word_1_143' title='bbox 926 1756 1067 1819; x_wconf 75' lang='grc' dir='ltr'>Ἔρως</span> <span class='ocrx_word' id='word_1_144' title='bbox 1114 1761 1277 1818; x_wconf 75' lang='grc' dir='ltr'>φρένας</span> <span class='ocrx_word' id='word_1_145' title='bbox 1322 1761 1672 1818; x_wconf 71' lang='grc' dir='ltr'>ἂμφικὰλυψεν.</span> 
     </span>
     <span class='ocr_line' id='line_1_20' title="bbox 275 1835 1675 1898; baseline -0.006 -9"><span class='ocrx_word' id='word_1_146' title='bbox 275 1851 432 1889; x_wconf 86' lang='lat' dir='ltr'>Anacr.</span> <span class='ocrx_word' id='word_1_147' title='bbox 456 1845 540 1885; x_wconf 89' lang='lat' dir='ltr'>Od.</span> <span class='ocrx_word' id='word_1_148' title='bbox 565 1848 635 1895; x_wconf 71' lang='lat'>14,</span> <span class='ocrx_word' id='word_1_149' title='bbox 669 1844 727 1883; x_wconf 80' lang='lat'>16.</span> <span class='ocrx_word' id='word_1_150' title='bbox 778 1837 925 1889; x_wconf 83' lang='grc' dir='ltr'>Μέσος</span> <span class='ocrx_word' id='word_1_151' title='bbox 954 1838 998 1881; x_wconf 80' lang='grc' dir='ltr'>δὲ</span> <span class='ocrx_word' id='word_1_152' title='bbox 1029 1838 1203 1898; x_wconf 67' lang='grc' dir='ltr'>καρδίης</span> <span class='ocrx_word' id='word_1_153' title='bbox 1236 1855 1320 1896; x_wconf 82' lang='grc' dir='ltr'>μευ</span> <span class='ocrx_word' id='word_1_154' title='bbox 1334 1835 1492 1882; x_wconf 81' lang='grc' dir='ltr'><em>’Έδυνε</em></span> <span class='ocrx_word' id='word_1_155' title='bbox 1523 1839 1599 1881; x_wconf 76' lang='grc' dir='ltr'>καί</span> <span class='ocrx_word' id='word_1_156' title='bbox 1628 1837 1675 1896; x_wconf 79' lang='grc' dir='ltr'>μ’</span> 
     </span>
     <span class='ocr_line' id='line_1_21' title="bbox 274 1915 1676 1976; baseline -0.003 -11"><span class='ocrx_word' id='word_1_157' title='bbox 274 1920 406 1965; x_wconf 76' lang='grc' dir='ltr'>ἔλυσε</span> <span class='ocrx_word' id='word_1_158' title='bbox 435 1917 613 1976; x_wconf 75' lang='grc' dir='ltr'>(ἔρως).</span> <span class='ocrx_word' id='word_1_159' title='bbox 664 1922 804 1961; x_wconf 87' lang='lat' dir='ltr'>Docet</span> <span class='ocrx_word' id='word_1_160' title='bbox 821 1922 850 1961; x_wconf 91' lang='grc'>1.</span> <span class='ocrx_word' id='word_1_161' title='bbox 868 1919 898 1961; x_wconf 90' lang='grc'>1.</span> <span class='ocrx_word' id='word_1_162' title='bbox 917 1919 1080 1970; x_wconf 88' lang='lat' dir='ltr'>Iacobs,</span> <span class='ocrx_word' id='word_1_163' title='bbox 1110 1915 1313 1968; x_wconf 72' lang='grc' dir='ltr'>ἐλυσθεὶς</span> <span class='ocrx_word' id='word_1_164' title='bbox 1334 1921 1538 1961; x_wconf 86' lang='lat' dir='ltr'>translate</span> <span class='ocrx_word' id='word_1_165' title='bbox 1560 1935 1676 1961; x_wconf 87' lang='lat' dir='ltr'>sum·</span> 
     </span>
    </p>
   </div>
   <div class='ocr_carea' id='block_1_5' title="bbox 274 1992 1676 2120">
    <p class='ocr_par' dir='ltr' id='par_1_5' title="bbox 274 1992 1676 2120">
     <span class='ocr_line' id='line_1_22' title="bbox 277 1992 1676 2047; baseline -0.004 -9"><span class='ocrx_word' id='word_1_166' title='bbox 277 2009 369 2038; x_wconf 84' lang='lat' dir='ltr'>tum</span> <span class='ocrx_word' id='word_1_167' title='bbox 409 2010 500 2036; x_wconf 89' lang='lat' dir='ltr'>esse</span> <span class='ocrx_word' id='word_1_168' title='bbox 538 1995 592 2033; x_wconf 87' lang='lat' dir='ltr'>de</span> <span class='ocrx_word' id='word_1_169' title='bbox 623 2006 766 2047; x_wconf 87' lang='lat' dir='ltr'>angue</span> <span class='ocrx_word' id='word_1_170' title='bbox 792 1996 840 2032; x_wconf 88' lang='lat' dir='ltr'>in</span> <span class='ocrx_word' id='word_1_171' title='bbox 881 1992 1014 2033; x_wconf 90' lang='lat' dir='ltr'>cubili</span> <span class='ocrx_word' id='word_1_172' title='bbox 1049 2008 1127 2034; x_wconf 91' lang='lat' dir='ltr'>suo</span> <span class='ocrx_word' id='word_1_173' title='bbox 1168 1994 1430 2043; x_wconf 88' lang='lat' dir='ltr'>convoluto,</span> <span class='ocrx_word' id='word_1_174' title='bbox 1485 2004 1528 2032; x_wconf 90' lang='lat' dir='ltr'>et</span> <span class='ocrx_word' id='word_1_175' title='bbox 1560 1992 1676 2032; x_wconf 90' lang='lat' dir='ltr'>hunc</span> 
     </span>
     <span class='ocr_line' id='line_1_23' title="bbox 274 2066 1673 2120; baseline -0.004 -10"><span class='ocrx_word' id='word_1_176' title='bbox 274 2071 422 2111; x_wconf 89' lang='lat' dir='ltr'>locum</span> <span class='ocrx_word' id='word_1_177' title='bbox 466 2067 706 2120; x_wconf 87' lang='lat' dir='ltr'>Apollonio</span> <span class='ocrx_word' id='word_1_178' title='bbox 753 2066 811 2116; x_wconf 89' lang='lat' dir='ltr'>ob</span> <span class='ocrx_word' id='word_1_179' title='bbox 855 2067 1007 2107; x_wconf 87' lang='lat' dir='ltr'>oculos</span> <span class='ocrx_word' id='word_1_180' title='bbox 1042 2078 1257 2107; x_wconf 83' lang='lat' dir='ltr'>versatum</span> <span class='ocrx_word' id='word_1_181' title='bbox 1296 2081 1388 2107; x_wconf 86' lang='lat' dir='ltr'>esse</span> <span class='ocrx_word' id='word_1_182' title='bbox 1420 2066 1559 2106; x_wconf 88' lang='lat' dir='ltr'>L.111.</span> <span class='ocrx_word' id='word_1_183' title='bbox 1586 2071 1673 2111; x_wconf 85' lang='lat'>281.</span> 
     </span>
    </p>
   </div>
   <div class='ocr_carea' id='block_1_6' title="bbox 277 2144 1678 2818">
    <p class='ocr_par' dir='ltr' id='par_1_6' title="bbox 277 2144 1678 2818">
     <span class='ocr_line' id='line_1_24' title="bbox 281 2144 432 2194; baseline -0.007 -11"><span class='ocrx_word' id='word_1_184' title='bbox 281 2155 324 2183; x_wconf 89' lang='lat' dir='ltr'>et</span> <span class='ocrx_word' id='word_1_185' title='bbox 348 2144 432 2194; x_wconf 83' lang='lat'>296.</span> 
     </span>
     <span class='ocr_line' id='line_1_25' title="bbox 332 2210 1376 2269; baseline -0.003 -12"><span class='ocrx_word' id='word_1_186' title='bbox 332 2216 462 2264; x_wconf 83' lang='grc' dir='ltr'>Τοῖος</span> <span class='ocrx_word' id='word_1_187' title='bbox 491 2212 574 2256; x_wconf 81' lang='grc' dir='ltr'>ὑπὸ</span> <span class='ocrx_word' id='word_1_188' title='bbox 607 2211 759 2269; x_wconf 69' lang='grc' dir='ltr'><em>κραδίη</em></span> <span class='ocrx_word' id='word_1_189' title='bbox 789 2210 1016 2268; x_wconf 79' lang='grc' dir='ltr'>εἰλυμένος</span> <span class='ocrx_word' id='word_1_190' title='bbox 1042 2211 1196 2258; x_wconf 70' lang='grc' dir='ltr'><em>αἴθετο</em></span> <span class='ocrx_word' id='word_1_191' title='bbox 1227 2212 1376 2268; x_wconf 69' lang='grc' dir='ltr'><strong><em>λάθρη</em></strong></span> 
     </span>
     <span class='ocr_line' id='line_1_26' title="bbox 331 2283 1673 2349; baseline -0.002 -14"><span class='ocrx_word' id='word_1_192' title='bbox 331 2283 483 2341; x_wconf 69' lang='grc' dir='ltr'>Οὖλος</span> <span class='ocrx_word' id='word_1_193' title='bbox 498 2286 662 2346; x_wconf 78' lang='grc' dir='ltr'>”Ερως,</span> <span class='ocrx_word' id='word_1_194' title='bbox 703 2287 880 2340; x_wconf 77' lang='grc' dir='ltr'>ἁπαλὰς</span> <span class='ocrx_word' id='word_1_195' title='bbox 908 2290 952 2332; x_wconf 83' lang='grc' dir='ltr'>δὲ</span> <span class='ocrx_word' id='word_1_196' title='bbox 972 2292 1289 2349; x_wconf 76' lang='grc' dir='ltr'><em>μετετρωπᾶτο</em></span> <span class='ocrx_word' id='word_1_197' title='bbox 1313 2288 1491 2346; x_wconf 79' lang='grc' dir='ltr'>παρειάς</span> <span class='ocrx_word' id='word_1_198' title='bbox 1509 2305 1550 2331; x_wconf 81' lang='grc' dir='ltr'>κ.</span> <span class='ocrx_word' id='word_1_199' title='bbox 1567 2304 1609 2332; x_wconf 77' lang='grc' dir='ltr'>τ.</span> <span class='ocrx_word' id='word_1_200' title='bbox 1629 2287 1673 2332; x_wconf 91' lang='grc' dir='ltr'>λ.</span> 
     </span>
     <span class='ocr_line' id='line_1_27' title="bbox 376 2375 1675 2437; baseline -0.002 -15"><span class='ocrx_word' id='word_1_201' title='bbox 376 2384 429 2422; x_wconf 94' lang='lat' dir='ltr'>V.</span> <span class='ocrx_word' id='word_1_202' title='bbox 449 2397 488 2423; x_wconf 85' lang='lat'>2.</span> <span class='ocrx_word' id='word_1_203' title='bbox 523 2376 760 2433; x_wconf 72' lang='grc' dir='ltr'>Πολλὴν</span> <span class='ocrx_word' id='word_1_204' title='bbox 790 2382 905 2420; x_wconf 81' lang='grc' dir='ltr'><strong><em>κατ’</em></strong></span> <span class='ocrx_word' id='word_1_205' title='bbox 937 2377 1125 2435; x_wconf 75' lang='grc' dir='ltr'>ἀχλὺν</span> <span class='ocrx_word' id='word_1_206' title='bbox 1156 2377 1423 2437; x_wconf 81' lang='grc' dir='ltr'>ὀμμάτων</span> <span class='ocrx_word' id='word_1_207' title='bbox 1456 2375 1675 2434; x_wconf 78' lang='grc' dir='ltr'>ἔχευεν.</span> 
     </span>
     <span class='ocr_line' id='line_1_28' title="bbox 279 2454 1676 2510; baseline -0.001 -14"><span class='ocrx_word' id='word_1_208' title='bbox 279 2457 387 2510; x_wconf 86' lang='lat' dir='ltr'>Quis</span> <span class='ocrx_word' id='word_1_209' title='bbox 408 2468 502 2496; x_wconf 88' lang='lat' dir='ltr'>non</span> <span class='ocrx_word' id='word_1_210' title='bbox 520 2458 643 2494; x_wconf 89' lang='lat' dir='ltr'>novit</span> <span class='ocrx_word' id='word_1_211' title='bbox 663 2454 887 2507; x_wconf 82' lang='lat' dir='ltr'>pulchram</span> <span class='ocrx_word' id='word_1_212' title='bbox 914 2455 1033 2494; x_wconf 86' lang='lat' dir='ltr'>illam</span> <span class='ocrx_word' id='word_1_213' title='bbox 1064 2458 1218 2495; x_wconf 85' lang='lat' dir='ltr'>amoris</span> <span class='ocrx_word' id='word_1_214' title='bbox 1251 2456 1588 2507; x_wconf 87' lang='lat' dir='ltr'>descriptionem</span> <span class='ocrx_word' id='word_1_215' title='bbox 1621 2454 1676 2495; x_wconf 84' lang='lat' dir='ltr'>ab</span> 
     </span>
     <span class='ocr_line' id='line_1_29' title="bbox 279 2526 1678 2580; baseline -0.002 -10"><span class='ocrx_word' id='word_1_216' title='bbox 279 2528 507 2570; x_wconf 88' lang='lat' dir='ltr'>effectibus</span> <span class='ocrx_word' id='word_1_217' title='bbox 531 2530 621 2567; x_wconf 88' lang='lat' dir='ltr'>eius</span> <span class='ocrx_word' id='word_1_218' title='bbox 639 2531 686 2567; x_wconf 89' lang='lat' dir='ltr'>in</span> <span class='ocrx_word' id='word_1_219' title='bbox 708 2542 890 2580; x_wconf 89' lang='lat' dir='ltr'>corpore</span> <span class='ocrx_word' id='word_1_220' title='bbox 913 2538 956 2566; x_wconf 90' lang='lat' dir='ltr'>et</span> <span class='ocrx_word' id='word_1_221' title='bbox 977 2530 1121 2568; x_wconf 83' lang='lat' dir='ltr'>animo</span> <span class='ocrx_word' id='word_1_222' title='bbox 1143 2527 1260 2580; x_wconf 86' lang='lat' dir='ltr'>apud</span> <span class='ocrx_word' id='word_1_223' title='bbox 1279 2526 1476 2580; x_wconf 87' lang='lat' dir='ltr'>Sappho,</span> <span class='ocrx_word' id='word_1_224' title='bbox 1503 2526 1582 2567; x_wconf 87' lang='lat' dir='ltr'>ubi</span> <span class='ocrx_word' id='word_1_225' title='bbox 1607 2529 1678 2567; x_wconf 90' lang='lat' dir='ltr'>in·</span> 
     </span>
     <span class='ocr_line' id='line_1_30' title="bbox 279 2594 1407 2658; baseline -0.004 -11"><span class='ocrx_word' id='word_1_226' title='bbox 279 2618 345 2647; x_wconf 86' lang='lat' dir='ltr'>ter</span> <span class='ocrx_word' id='word_1_227' title='bbox 364 2606 447 2646; x_wconf 89' lang='lat' dir='ltr'>alia</span> <span class='ocrx_word' id='word_1_228' title='bbox 469 2606 598 2645; x_wconf 88' lang='lat' dir='ltr'>etiam</span> <span class='ocrx_word' id='word_1_229' title='bbox 620 2605 796 2644; x_wconf 86' lang='lat' dir='ltr'>dicitur:</span> <span class='ocrx_word' id='word_1_230' title='bbox 827 2600 1094 2644; x_wconf 82' lang='grc' dir='ltr'><em>ὂππάτεσσιν</em></span> <span class='ocrx_word' id='word_1_231' title='bbox 1116 2594 1239 2643; x_wconf 67' lang='grc' dir='ltr'>οὐδὲν</span> <span class='ocrx_word' id='word_1_232' title='bbox 1262 2596 1407 2658; x_wconf 67' lang='grc' dir='ltr'><strong><em>ὅρημι.</em></strong></span> 
     </span>
     <span class='ocr_line' id='line_1_31' title="bbox 378 2687 1678 2746; baseline -0.002 -13"><span class='ocrx_word' id='word_1_233' title='bbox 378 2694 431 2733; x_wconf 91' lang='lat' dir='ltr'>V.</span> <span class='ocrx_word' id='word_1_234' title='bbox 452 2701 491 2741; x_wconf 84' lang='lat'>5.</span> <span class='ocrx_word' id='word_1_235' title='bbox 536 2687 777 2744; x_wconf 72' lang='grc' dir='ltr'>Κλὲψας</span> <span class='ocrx_word' id='word_1_236' title='bbox 817 2687 874 2731; x_wconf 76' lang='grc' dir='ltr'>ἐκ</span> <span class='ocrx_word' id='word_1_237' title='bbox 916 2687 1130 2743; x_wconf 71' lang='grc' dir='ltr'>ςηθέων</span> <span class='ocrx_word' id='word_1_238' title='bbox 1176 2687 1404 2740; x_wconf 79' lang='grc' dir='ltr'>ἁπαλὰς</span> <span class='ocrx_word' id='word_1_239' title='bbox 1447 2688 1678 2746; x_wconf 68' lang='grc' dir='ltr'>φρέύας.</span> 
     </span>
     <span class='ocr_line' id='line_1_32' title="bbox 277 2764 1678 2818; baseline -0.001 -13"><span class='ocrx_word' id='word_1_240' title='bbox 277 2777 470 2807; x_wconf 87' lang='lat' dir='ltr'>mentem</span> <span class='ocrx_word' id='word_1_241' title='bbox 490 2766 595 2807; x_wconf 82' lang='lat' dir='ltr'>mihi</span> <span class='ocrx_word' id='word_1_242' title='bbox 618 2767 802 2814; x_wconf 83' lang='lat' dir='ltr'>ademit,</span> <span class='ocrx_word' id='word_1_243' title='bbox 833 2780 855 2805; x_wconf 92' lang='lat' dir='ltr'>e</span> <span class='ocrx_word' id='word_1_244' title='bbox 874 2776 1051 2818; x_wconf 87' lang='lat' dir='ltr'>pectore</span> <span class='ocrx_word' id='word_1_245' title='bbox 1072 2769 1214 2818; x_wconf 85' lang='lat' dir='ltr'>rapuit</span> <span class='ocrx_word' id='word_1_246' title='bbox 1237 2776 1279 2806; x_wconf 90' lang='lat' dir='ltr'>et</span> <span class='ocrx_word' id='word_1_247' title='bbox 1301 2764 1468 2814; x_wconf 79' lang='lat' dir='ltr'>effecit,</span> <span class='ocrx_word' id='word_1_248' title='bbox 1495 2775 1545 2805; x_wconf 90' lang='lat' dir='ltr'>ut</span> <span class='ocrx_word' id='word_1_249' title='bbox 1572 2778 1678 2817; x_wconf 83' lang='lat' dir='ltr'>prae</span> 
     </span>
    </p>
   </div>
  </div>
 </body>
</html>
