1846 3308
804 272 1143 312 ...1ss-

278 402 330 436 Et
348 400 392 436 L.
413 401 442 432 Ι.
468 398 591 446 Epist.
610 411 672 446 ¹9²
700 405 758 441 23.
795 416 842 425 -
871 398 1064 434 Numeros
1092 398 1316 448 animosque
1340 410 1488 437 secutus

415 465 665 506 Archilochi,
704 477 784 500 non
810 477 867 501 res
894 475 930 500 et
952 465 1102 513 agentia
1125 465 1240 501 verba
1262 467 1494 514 Lycamben.

276 537 326 571 Et
349 535 463 584 paulo
490 544 580 584 post
604 546 644 570 v.
662 540 719 577 23.
746 553 792 563 —

410 604 613 651 Temperat
634 601 865 638 Archilochi
889 601 1040 636 Musam
1065 601 1160 650 pede
1185 602 1353 638 mascula
1379 601 1553 652 Sappho,

410 671 613 719 Temperat
632 669 811 711 Alcaeus,
835 668 900 704 sed
922 668 1033 704 rebus
1060 679 1098 705 et
1126 669 1261 706 ordine
1289 670 1435 720 dispar,

411 739 493 776 Nec
516 751 690 773 socerum
714 736 881 786 quaerit,
916 749 1028 785 quem
1049 738 1223 774 veisibus
1248 737 1395 773 oblinat
1419 738 1533 781 atris,

412 807 494 842 Nec
521 818 678 855 sponsae
707 804 885 853 laqueum
910 804 1057 842 famoso
1081 806 1247 841 carmine
1271 806 1402 844 nectit.

277 879 374 912 Item
398 873 519 910 ovid.
544 874 588 908 in
614 871 720 908 Ibin:
745 891 792 899 —-·
822 873 867 907 In
892 883 926 908 te
952 873 1055 909 mihi
1075 873 1174 909 liber
1195 872 1344 909 iambus

494 941 632 978 Tincta
649 939 867 988 Lycambeo
892 942 1074 989 sanguine
1098 941 1169 977 tela
1193 941 1311 978 dabit.
1487 982 1492 987 ⁴

272 1012 365 1050 Vid.
412 1011 527 1046 etiam
570 1009 615 1044 de
650 1008 726 1044 hoc
765 1008 971 1057 suspendio
1002 1009 1154 1046 lambos
1189 1009 1355 1045 Comitis
1391 1008 1437 1045 de
1474 1008 1668 1058 Stollberg

275 1083 351 1116 Sat.
375 1082 404 1116 1.
439 1092 477 1131 p.
494 1087 528 1122 3.

884 1297 926 1363 ξ.
972 1303 1052 1348 vi.

373 1402 589 1441 Lucianus
633 1399 831 1439 indolem
877 1399 1011 1437 animi
1046 1395 1297 1437 Archilochi
1336 1400 1396 1437 sic
1438 1397 1662 1439 describit:

274 1476 463 1525 „Fuisse
493 1477 628 1512 virum
664 1474 846 1512 omnino
880 1470 1093 1532 liberum,
1141 1480 1183 1510 et
1201 1470 1359 1520 fiducia
1386 1472 1573 1525 quadam
1599 1475 1665 1512 uti

272 1549 472 1595 solitum,
508 1560 591 1585 nec
611 1554 888 1585 cunctantem
908 1543 1194 1592 maledicere,
1233 1545 1268 1583 si
1279 1543 1353 1601 'vel
1373 1547 1554 1583 maxime
1573 1545 1664 1583 lae-

272 1635 394 1660 surus
421 1619 665 1666 videretur,
704 1620 780 1671 qui
811 1619 859 1655 in
895 1615 1029 1655 bilem
1063 1610 1307 1655 iamborum
1344 1629 1522 1656 suorum
1554 1619 1665 1656 inci-

273 1695 462 1733 disset.“
475 1694 517 1743 a)
578 1691 743 1730 Verum
767 1688 947 1728 acerbus
970 1692 1172 1728 vitiorum
1193 1701 1348 1728 censor
1368 1698 1412 1728 et
1429 1692 1665 1729 insectator

271 1770 322 1806 iis
342 1780 389 1805 se
407 1769 500 1816 ipse
520 1776 613 1802 non
630 1765 869 1801 immunem
888 1764 1122 1813 praestitit;
1161 1764 1293 1801 immo
1314 1776 1365 1801 ea
1389 1762 1444 1802 de
1469 1775 1515 1801 se
1536 1763 1663 1802 fateri

270 1852 365 1879 non
384 1837 558 1877 erubuit
566 1864 581 1884 ‚
611 1845 758 1887 turpes
775 1836 979 1873 nimirum
997 1836 1279 1887 impurosque
1301 1846 1467 1878 amores
1486 1834 1661 1885 suos,b)

270 1922 364 1951 tum
393 1913 537 1958 etiam,
567 1909 705 1962 quod,
735 1922 834 1947 cum
863 1917 1014 1946 contra
1035 1907 1171 1956 Saios,
1199 1906 1412 1947 Thraciae
1429 1906 1659 1960 populum,

269 1983 508 2031 militabat,
549 1991 674 2021 scuto
713 1979 886 2020 abiecto
921 1980 1162 2034 fugerit,c)
1204 1984 1284 2020 etsi
1317 1983 1364 2020 in
1400 1978 1660 2019 carminibus

271 2061 504 2114 gloriatur,
534 2071 578 2096 se
600 2071 741 2111 aeque
766 2052 1022 2111 θεράποντα
1038 2050 1278 2095 Ἐνυαλίου
1304 2070 1355 2095 ac
1379 2050 1660 2102 ’Λπόλλωνος

271 2132 435 2183 οεεο.ᾶ)
487 2132 647 2170 Versus
668 2131 756 2179 illi,
791 2130 948 2184 quibus
969 2144 1089 2169 suam
1109 2130 1278 2183 fugam,
1315 2132 1513 2183 sentique
1541 2128 1661 2168 abie-

270 2207 461 2244 ctionem
487 2205 669 2252 fatetur,
708 2217 733 2242 a
758 2202 954 2255 pluribus
983 2203 1263 2253 scriptoribus
1290 2203 1445 2241 servati
1476 2201 1657 2252 sunt‚e)

268 2279 389 2329 iique
435 2279 482 2315 in
526 2290 654 2315 causa
697 2276 900 2322 suerunt,
948 2288 1024 2313 cur
1063 2275 1439 2313 Lacedaemonem
1479 2275 1658 2312 veniens

271 2348 429 2388 eodem
459 2350 588 2387 etiam
619 2358 817 2400 tempore
849 2361 899 2387 ex
928 2347 1037 2401 urbe
1058 2349 1252 2400 *migrare
1281 2349 1417 2385 iussus
1447 2349 1511 2384 sit.
1527 2346 1567 2397 f)

358 2509 406 2552 a)
438 2506 538 2544 Vide
560 2505 691 2554 fragm.
714 2511 792 2550 ¹¹3·

358 2574 410 2619 b)
436 2573 629 2610 Aelian.
653 2575 699 2610 L.
716 2574 767 2609 X.
791 2573 842 2609 C:
857 2581 910 2617 ²3·
934 2583 1022 2622 post
1040 2573 1171 2610 locum
1190 2573 1225 2618 ᾖ.
1244 2574 1276 2608 Ῐ.
1296 2574 1375 2618 m):
1400 2573 1501 2622 Πρὸς
1521 2572 1558 2609 δὲ
1577 2570 1659 2609 τοῦ-

266 2658 361 2686 τεις.
386 2639 412 2688 ἦ
430 2642 460 2678 δ’
479 2639 539 2685 ὃς,
565 2640 647 2678 οὔτε
665 2637 720 2677 ὅτι
739 2643 874 2691 μοιχὸς
893 2638 955 2688 ἦν,
979 2640 1138 2688 ᾔδειμεν,
1170 2640 1200 2678 εἱ
1220 2641 1269 2686 μὴ
1289 2643 1370 2689 παρ’
1393 2640 1501 2677 αὐτοῦ
1523 2637 1659 2687 μαθᾶν·

262 2727 340 2753 τες.
374 2710 456 2748 οὔτε
476 2706 532 2748 ἔτι
553 2708 687 2757 λάγνος
705 2709 763 2745 καὶ
783 2709 950 2759 ὕβρις-ᾖς’
983 2711 1042 2746 καὶ
1073 2711 1113 2746 τὸ
1141 2709 1194 2746 ε”τι
1219 2708 1351 2745 τούτων
1381 2707 1567 2756 αἷσχιςον.
1600 2702 1657 2743 ὅτι

264 2783 326 2823 ⁷³4⁹
347 2780 479 2816 ἀσπίδα
496 2778 688 2824 ἀπέβαλεν.
723 2777 809 2815 Οὐκ
826 2779 964 2827 ἀγαθὸς
985 2778 1053 2826 ἄρα
1072 2775 1111 2823 ἦν
1131 2777 1358 2826 Ἀρχίλοχος
1374 2775 1512 2824 μάρτυς
1529 2774 1658 2820 ἑαυτῷ.
