<?xml version="1.0" encoding="UTF-8"?>
<!DOCTYPE html PUBLIC "-//W3C//DTD XHTML 1.0 Transitional//EN"
    "http://www.w3.org/TR/xhtml1/DTD/xhtml1-transitional.dtd">
<html xmlns="http://www.w3.org/1999/xhtml" xml:lang="en" lang="en">
 <head>
  <title>
</title>
<meta http-equiv="Content-Type" content="text/html;charset=utf-8" />
  <meta name='ocr-system' content='tesseract 3.04.00' />
  <meta name='ocr-capabilities' content='ocr_page ocr_carea ocr_par ocr_line ocrx_word'/>
</head>
<body>
  <div class='ocr_page' id='page_1' title='image "./iambographorumpr00archuoft_0102.png"; bbox 0 0 1846 3308; ppageno 0'>
   <div class='ocr_carea' id='block_1_1' title="bbox 799 291 1140 344">
    <p class='ocr_par' dir='ltr' id='par_1_1' title="bbox 799 291 1140 344">
     <span class='ocr_line' id='line_1_1' title="bbox 799 291 1140 344; baseline 0.003 -25"><span class='ocrx_word' id='word_1_1' title='bbox 799 291 1140 344; x_wconf 68' lang='lat'><strong>-76-</strong></span> 
     </span>
    </p>
   </div>
   <div class='ocr_carea' id='block_1_2' title="bbox 274 416 1666 479">
    <p class='ocr_par' dir='ltr' id='par_1_2' title="bbox 274 416 1666 479">
     <span class='ocr_line' id='line_1_2' title="bbox 274 416 1666 479; baseline 0.005 -20"><span class='ocrx_word' id='word_1_2' title='bbox 274 428 319 459; x_wconf 86' lang='lat' dir='ltr'>et</span> <span class='ocrx_word' id='word_1_3' title='bbox 353 417 433 457; x_wconf 87' lang='lat' dir='ltr'>hac</span> <span class='ocrx_word' id='word_1_4' title='bbox 472 416 664 459; x_wconf 82' lang='lat' dir='ltr'>lectione</span> <span class='ocrx_word' id='word_1_5' title='bbox 700 418 880 458; x_wconf 80' lang='lat' dir='ltr'>admissa</span> <span class='ocrx_word' id='word_1_6' title='bbox 917 422 1062 471; x_wconf 86' lang='lat' dir='ltr'>potius</span> <span class='ocrx_word' id='word_1_7' title='bbox 1102 429 1450 464; x_wconf 80' lang='lat' dir='ltr'>tetrametrorum</span> <span class='ocrx_word' id='word_1_8' title='bbox 1483 427 1666 479; x_wconf 78' lang='lat' dir='ltr'>vestigia</span> 
     </span>
    </p>
   </div>
   <div class='ocr_carea' id='block_1_3' title="bbox 267 493 1666 1223">
    <p class='ocr_par' dir='ltr' id='par_1_3' title="bbox 267 493 1666 853">
     <span class='ocr_line' id='line_1_3' title="bbox 273 493 1666 553; baseline 0.004 -15"><span class='ocrx_word' id='word_1_9' title='bbox 273 511 481 551; x_wconf 80' lang='lat' dir='ltr'>apparere</span> <span class='ocrx_word' id='word_1_10' title='bbox 513 497 753 537; x_wconf 82' lang='lat' dir='ltr'>arbitratur.</span> <span class='ocrx_word' id='word_1_11' title='bbox 806 498 1061 538; x_wconf 84' lang='lat' dir='ltr'>Lectionem</span> <span class='ocrx_word' id='word_1_12' title='bbox 1088 493 1191 553; x_wconf 71' lang='grc' dir='ltr'>ὁρᾷς</span> <span class='ocrx_word' id='word_1_13' title='bbox 1216 509 1362 540; x_wconf 85' lang='lat' dir='ltr'>tamen</span> <span class='ocrx_word' id='word_1_14' title='bbox 1388 501 1551 542; x_wconf 78' lang='lat' dir='ltr'>iudicat</span> <span class='ocrx_word' id='word_1_15' title='bbox 1576 504 1666 544; x_wconf 89' lang='lat' dir='ltr'>He-</span> 
     </span>
     <span class='ocr_line' id='line_1_4' title="bbox 272 571 1666 620; baseline 0.004 -9"><span class='ocrx_word' id='word_1_16' title='bbox 272 571 426 611; x_wconf 86' lang='lat' dir='ltr'>rodem</span> <span class='ocrx_word' id='word_1_17' title='bbox 445 571 639 610; x_wconf 72' lang='lat' dir='ltr'>Atticum&#39;</span> <span class='ocrx_word' id='word_1_18' title='bbox 659 581 855 610; x_wconf 88' lang='lat' dir='ltr'>secutum</span> <span class='ocrx_word' id='word_1_19' title='bbox 876 585 983 620; x_wconf 86' lang='lat' dir='ltr'>esse,</span> <span class='ocrx_word' id='word_1_20' title='bbox 1022 575 1092 612; x_wconf 89' lang='lat' dir='ltr'>cui</span> <span class='ocrx_word' id='word_1_21' title='bbox 1116 576 1164 612; x_wconf 89' lang='lat' dir='ltr'>in</span> <span class='ocrx_word' id='word_1_22' title='bbox 1195 577 1523 614; x_wconf 85' lang='lat' dir='ltr'>consecratione</span> <span class='ocrx_word' id='word_1_23' title='bbox 1539 577 1666 617; x_wconf 84' lang='lat' dir='ltr'>Trio-</span> 
     </span>
     <span class='ocr_line' id='line_1_5' title="bbox 270 644 1665 697; baseline 0.004 -13"><span class='ocrx_word' id='word_1_24' title='bbox 270 647 335 697; x_wconf 85' lang='lat' dir='ltr'>pii</span> <span class='ocrx_word' id='word_1_25' title='bbox 371 644 497 684; x_wconf 86' lang='lat' dir='ltr'>Anal.</span> <span class='ocrx_word' id='word_1_26' title='bbox 545 645 597 683; x_wconf 87' lang='lat' dir='ltr'>T.</span> <span class='ocrx_word' id='word_1_27' title='bbox 626 645 678 683; x_wconf 88' lang='lat' dir='ltr'>II.</span> <span class='ocrx_word' id='word_1_28' title='bbox 714 658 757 696; x_wconf 87' lang='lat' dir='ltr'>p.</span> <span class='ocrx_word' id='word_1_29' title='bbox 782 652 870 692; x_wconf 83' lang='lat'><strong>500.</strong></span> <span class='ocrx_word' id='word_1_30' title='bbox 921 658 960 684; x_wconf 91' lang='lat' dir='ltr'>v.</span> <span class='ocrx_word' id='word_1_31' title='bbox 985 658 1022 685; x_wconf 88' lang='lat'>2.</span> <span class='ocrx_word' id='word_1_32' title='bbox 1060 644 1104 685; x_wconf 90' lang='lat' dir='ltr'>hi</span> <span class='ocrx_word' id='word_1_33' title='bbox 1135 659 1279 685; x_wconf 84' lang='lat' dir='ltr'>versus</span> <span class='ocrx_word' id='word_1_34' title='bbox 1305 644 1555 687; x_wconf 84' lang='lat' dir='ltr'>Archilochi</span> <span class='ocrx_word' id='word_1_35' title='bbox 1587 648 1665 690; x_wconf 73' lang='lat' dir='ltr'>ob,-</span> 
     </span>
     <span class='ocr_line' id='line_1_6' title="bbox 271 714 1664 779; baseline 0.001 -18"><span class='ocrx_word' id='word_1_36' title='bbox 271 726 426 762; x_wconf 81' lang='lat' dir='ltr'>versati</span> <span class='ocrx_word' id='word_1_37' title='bbox 467 736 559 762; x_wconf 89' lang='lat' dir='ltr'>esse</span> <span class='ocrx_word' id='word_1_38' title='bbox 599 722 823 761; x_wconf 82' lang='lat' dir='ltr'>videntur:</span> <span class='ocrx_word' id='word_1_39' title='bbox 852 714 917 761; x_wconf 87' lang='grc' dir='ltr'>Ἵ·1</span> <span class='ocrx_word' id='word_1_40' title='bbox 955 718 994 762; x_wconf 79' lang='grc' dir='ltr'>τ’</span> <span class='ocrx_word' id='word_1_41' title='bbox 1044 717 1112 763; x_wconf 75' lang='grc' dir='ltr'>ἐπὶ</span> <span class='ocrx_word' id='word_1_42' title='bbox 1153 716 1261 776; x_wconf 76' lang='grc' dir='ltr'>ἔργα</span> <span class='ocrx_word' id='word_1_43' title='bbox 1297 720 1475 777; x_wconf 80' lang='grc' dir='ltr'><em>βροτῶν</em></span> <span class='ocrx_word' id='word_1_44' title='bbox 1516 720 1664 779; x_wconf 74' lang='grc' dir='ltr'><strong><em>ὁράᾳς,</em></strong></span> 
     </span>
     <span class='ocr_line' id='line_1_7' title="bbox 267 786 720 853; baseline 0 -15"><span class='ocrx_word' id='word_1_45' title='bbox 267 792 558 853; x_wconf 78' lang='grc' dir='ltr'><em>Ῥαμνουσιὰς</em></span> <span class='ocrx_word' id='word_1_46' title='bbox 586 786 720 839; x_wconf 62' lang='lat' dir='ltr'><strong>Odon.</strong></span> 
     </span>
    </p>

    <p class='ocr_par' dir='ltr' id='par_1_4' title="bbox 269 871 1666 1223">
     <span class='ocr_line' id='line_1_8' title="bbox 370 871 1661 936; baseline 0.004 -20"><span class='ocrx_word' id='word_1_47' title='bbox 370 871 612 930; x_wconf 76' lang='grc' dir='ltr'><strong>Λεωργὰ.</strong></span> <span class='ocrx_word' id='word_1_48' title='bbox 648 881 847 931; x_wconf 86' lang='lat' dir='ltr'>,‚impia,</span> <span class='ocrx_word' id='word_1_49' title='bbox 875 878 1086 930; x_wconf 77' lang='lat' dir='ltr'>superba,</span> <span class='ocrx_word' id='word_1_50' title='bbox 1114 894 1195 921; x_wconf 86' lang='lat' dir='ltr'>vox</span> <span class='ocrx_word' id='word_1_51' title='bbox 1210 880 1425 936; x_wconf 86' lang='lat' dir='ltr'><strong>Aeschylo</strong></span> <span class='ocrx_word' id='word_1_52' title='bbox 1452 881 1661 930; x_wconf 81' lang='lat' dir='ltr'>solennis,</span> 
     </span>
     <span class='ocr_line' id='line_1_9' title="bbox 269 952 1666 1005; baseline 0.001 -14"><span class='ocrx_word' id='word_1_53' title='bbox 269 955 413 1005; x_wconf 82' lang='lat' dir='ltr'>inquit</span> <span class='ocrx_word' id='word_1_54' title='bbox 440 952 491 991; x_wconf 86' lang='lat' dir='ltr'>cl.</span> <span class='ocrx_word' id='word_1_55' title='bbox 520 952 709 990; x_wconf 87' lang='lat' dir='ltr'>Heeren.</span> <span class='ocrx_word' id='word_1_56' title='bbox 739 954 864 991; x_wconf 87' lang='lat' dir='ltr'>sicin</span> <span class='ocrx_word' id='word_1_57' title='bbox 885 952 1102 992; x_wconf 84' lang='lat' dir='ltr'>Prometh.</span> <span class='ocrx_word' id='word_1_58' title='bbox 1120 954 1262 992; x_wconf 89' lang='lat' dir='ltr'>Vinct.</span> <span class='ocrx_word' id='word_1_59' title='bbox 1291 968 1328 993; x_wconf 87' lang='lat' dir='ltr'>v.</span> <span class='ocrx_word' id='word_1_60' title='bbox 1349 959 1388 1000; x_wconf 86' lang='lat'>5.</span> <span class='ocrx_word' id='word_1_61' title='bbox 1403 954 1434 978; x_wconf 80' lang='lat'>“‘</span> <span class='ocrx_word' id='word_1_62' title='bbox 1459 954 1537 993; x_wconf 92' lang='lat' dir='ltr'>ubi</span> <span class='ocrx_word' id='word_1_63' title='bbox 1562 954 1666 994; x_wconf 82' lang='lat' dir='ltr'>vide</span> 
     </span>
     <span class='ocr_line' id='line_1_10' title="bbox 269 1023 1664 1075; baseline -0.001 -10"><span class='ocrx_word' id='word_1_64' title='bbox 269 1035 420 1065; x_wconf 85' lang='lat' dir='ltr'>notam</span> <span class='ocrx_word' id='word_1_65' title='bbox 448 1023 645 1063; x_wconf 79' lang='lat' dir='ltr'>Schiitzii.</span> <span class='ocrx_word' id='word_1_66' title='bbox 706 1024 868 1064; x_wconf 87' lang='lat' dir='ltr'>Verum</span> <span class='ocrx_word' id='word_1_67' title='bbox 898 1035 941 1066; x_wconf 88' lang='lat' dir='ltr'>et</span> <span class='ocrx_word' id='word_1_68' title='bbox 968 1026 1041 1066; x_wconf 81' lang='lat' dir='ltr'>alii</span> <span class='ocrx_word' id='word_1_69' title='bbox 1070 1036 1266 1066; x_wconf 81' lang='lat' dir='ltr'>auctores</span> <span class='ocrx_word' id='word_1_70' title='bbox 1296 1040 1348 1066; x_wconf 87' lang='lat' dir='ltr'>ea</span> <span class='ocrx_word' id='word_1_71' title='bbox 1372 1036 1575 1075; x_wconf 86' lang='lat' dir='ltr'>utuntur,</span> <span class='ocrx_word' id='word_1_72' title='bbox 1614 1036 1664 1065; x_wconf 86' lang='lat' dir='ltr'>ut</span> 
     </span>
     <span class='ocr_line' id='line_1_11' title="bbox 271 1093 1661 1153; baseline 0.001 -16"><span class='ocrx_word' id='word_1_73' title='bbox 271 1097 476 1150; x_wconf 85' lang='lat' dir='ltr'>Xenoph.</span> <span class='ocrx_word' id='word_1_74' title='bbox 522 1097 765 1137; x_wconf 77' lang='lat' dir='ltr'>Memorab.</span> <span class='ocrx_word' id='word_1_75' title='bbox 793 1099 837 1148; x_wconf 87' lang='lat'>1,</span> <span class='ocrx_word' id='word_1_76' title='bbox 883 1107 932 1149; x_wconf 79' lang='lat'>3,</span> <span class='ocrx_word' id='word_1_77' title='bbox 976 1112 1017 1153; x_wconf 88' lang='lat'>9.</span> <span class='ocrx_word' id='word_1_78' title='bbox 1071 1093 1239 1140; x_wconf 81' lang='lat' dir='ltr'>Aelian.</span> <span class='ocrx_word' id='word_1_79' title='bbox 1283 1100 1338 1138; x_wconf 91' lang='lat' dir='ltr'>H.</span> <span class='ocrx_word' id='word_1_80' title='bbox 1375 1099 1427 1139; x_wconf 83' lang='lat' dir='ltr'><strong>A.</strong></span> <span class='ocrx_word' id='word_1_81' title='bbox 1456 1099 1583 1147; x_wconf 85' lang='lat' dir='ltr'><strong>XVI,</strong></span> <span class='ocrx_word' id='word_1_82' title='bbox 1621 1103 1661 1144; x_wconf 79' lang='lat'><strong>5.</strong></span> 
     </span>
     <span class='ocr_line' id='line_1_12' title="bbox 269 1170 1662 1223; baseline -0.001 -12"><span class='ocrx_word' id='word_1_83' title='bbox 269 1171 477 1211; x_wconf 88' lang='lat' dir='ltr'>Themist.</span> <span class='ocrx_word' id='word_1_84' title='bbox 513 1184 556 1222; x_wconf 88' lang='lat' dir='ltr'>p.</span> <span class='ocrx_word' id='word_1_85' title='bbox 582 1176 670 1223; x_wconf 75' lang='lat'><strong>514.</strong></span> <span class='ocrx_word' id='word_1_86' title='bbox 735 1172 865 1212; x_wconf 86' lang='lat' dir='ltr'><strong>Unde</strong></span> <span class='ocrx_word' id='word_1_87' title='bbox 901 1187 958 1212; x_wconf 87' lang='lat' dir='ltr'>ne</span> <span class='ocrx_word' id='word_1_88' title='bbox 990 1172 1150 1212; x_wconf 86' lang='lat' dir='ltr'>inferas</span> <span class='ocrx_word' id='word_1_89' title='bbox 1190 1187 1239 1211; x_wconf 87' lang='lat' dir='ltr'>ex</span> <span class='ocrx_word' id='word_1_90' title='bbox 1273 1186 1357 1211; x_wconf 89' lang='lat' dir='ltr'>usu</span> <span class='ocrx_word' id='word_1_91' title='bbox 1383 1170 1508 1210; x_wconf 89' lang='lat' dir='ltr'>huius</span> <span class='ocrx_word' id='word_1_92' title='bbox 1543 1174 1662 1211; x_wconf 83' lang='lat' dir='ltr'>vocis</span> 
     </span>
    </p>
   </div>
   <div class='ocr_carea' id='block_1_4' title="bbox 270 1243 1728 1300">
    <p class='ocr_par' dir='ltr' id='par_1_5' title="bbox 270 1243 1728 1300">
     <span class='ocr_line' id='line_1_13' title="bbox 270 1243 1728 1300; baseline -0.001 -17"><span class='ocrx_word' id='word_1_93' title='bbox 270 1243 355 1285; x_wconf 91' lang='lat' dir='ltr'>hoc</span> <span class='ocrx_word' id='word_1_94' title='bbox 375 1246 524 1299; x_wconf 81' lang='lat' dir='ltr'><strong>fragm.</strong></span> <span class='ocrx_word' id='word_1_95' title='bbox 550 1245 605 1284; x_wconf 82' lang='lat' dir='ltr'>ad</span> <span class='ocrx_word' id='word_1_96' title='bbox 619 1244 879 1300; x_wconf 88' lang='lat' dir='ltr'><strong>Aeschylum</strong></span> <span class='ocrx_word' id='word_1_97' title='bbox 905 1260 995 1285; x_wconf 91' lang='lat' dir='ltr'>esse</span> <span class='ocrx_word' id='word_1_98' title='bbox 1015 1245 1323 1290; x_wconf 83' lang='lat' dir='ltr'>referendum;</span> <span class='ocrx_word' id='word_1_99' title='bbox 1357 1246 1490 1283; x_wconf 89' lang='lat' dir='ltr'>immo</span> <span class='ocrx_word' id='word_1_100' title='bbox 1513 1247 1660 1296; x_wconf 84' lang='lat' dir='ltr'>potius</span> <span class='ocrx_word' id='word_1_101' title='bbox 1725 1254 1728 1259; x_wconf 83' lang='grc'><strong>’</strong></span> 
     </span>
    </p>
   </div>
   <div class='ocr_carea' id='block_1_5' title="bbox 267 1317 1662 1373">
    <p class='ocr_par' dir='ltr' id='par_1_6' title="bbox 267 1317 1662 1373">
     <span class='ocr_line' id='line_1_14' title="bbox 267 1317 1662 1373; baseline -0.001 -15"><span class='ocrx_word' id='word_1_102' title='bbox 267 1317 552 1373; x_wconf 89' lang='lat' dir='ltr'>Aeschylum,</span> <span class='ocrx_word' id='word_1_103' title='bbox 592 1321 667 1372; x_wconf 89' lang='lat' dir='ltr'>qui</span> <span class='ocrx_word' id='word_1_104' title='bbox 692 1318 998 1359; x_wconf 89' lang='lat' dir='ltr'>Archilochum</span> <span class='ocrx_word' id='word_1_105' title='bbox 1026 1323 1072 1358; x_wconf 90' lang='lat' dir='ltr'>in</span> <span class='ocrx_word' id='word_1_106' title='bbox 1101 1319 1274 1358; x_wconf 87' lang='lat' dir='ltr'>delectu</span> <span class='ocrx_word' id='word_1_107' title='bbox 1310 1331 1467 1357; x_wconf 89' lang='lat' dir='ltr'>vocum</span> <span class='ocrx_word' id='word_1_108' title='bbox 1493 1320 1662 1371; x_wconf 77' lang='lat' dir='ltr'>saepius</span> 
     </span>
    </p>
   </div>
   <div class='ocr_carea' id='block_1_6' title="bbox 267 1390 1661 1519">
    <p class='ocr_par' dir='ltr' id='par_1_7' title="bbox 267 1390 1661 1519">
     <span class='ocr_line' id='line_1_15' title="bbox 269 1390 1661 1445; baseline -0.001 -14"><span class='ocrx_word' id='word_1_109' title='bbox 269 1399 441 1431; x_wconf 88' lang='lat' dir='ltr'>secutus</span> <span class='ocrx_word' id='word_1_110' title='bbox 465 1401 543 1440; x_wconf 88' lang='lat' dir='ltr'>est,</span> <span class='ocrx_word' id='word_1_111' title='bbox 583 1405 677 1430; x_wconf 85' lang='lat' dir='ltr'>eam</span> <span class='ocrx_word' id='word_1_112' title='bbox 708 1392 760 1431; x_wconf 80' lang='lat' dir='ltr'>ab</span> <span class='ocrx_word' id='word_1_113' title='bbox 778 1391 1040 1432; x_wconf 89' lang='lat' dir='ltr'>Archilocho</span> <span class='ocrx_word' id='word_1_114' title='bbox 1058 1395 1233 1445; x_wconf 82' lang='lat' dir='ltr'>petiisse</span> <span class='ocrx_word' id='word_1_115' title='bbox 1259 1390 1489 1430; x_wconf 88' lang='lat' dir='ltr'>verisimile</span> <span class='ocrx_word' id='word_1_116' title='bbox 1516 1391 1661 1430; x_wconf 86' lang='lat' dir='ltr'>fuerit.</span> 
     </span>
     <span class='ocr_line' id='line_1_16' title="bbox 267 1463 1513 1519; baseline -0.002 -14"><span class='ocrx_word' id='word_1_117' title='bbox 267 1465 367 1505; x_wconf 84' lang='lat' dir='ltr'>vide</span> <span class='ocrx_word' id='word_1_118' title='bbox 394 1466 546 1519; x_wconf 78' lang='lat' dir='ltr'>fragm.</span> <span class='ocrx_word' id='word_1_119' title='bbox 573 1464 688 1502; x_wconf 89' lang='lat' dir='ltr'><strong>XIV.</strong></span> <span class='ocrx_word' id='word_1_120' title='bbox 713 1465 811 1503; x_wconf 91' lang='lat' dir='ltr'>XX.</span> <span class='ocrx_word' id='word_1_121' title='bbox 832 1466 993 1505; x_wconf 87' lang='lat' dir='ltr'><strong>XXIX.</strong></span> <span class='ocrx_word' id='word_1_122' title='bbox 1012 1467 1059 1504; x_wconf 92' lang='lat' dir='ltr'>L.</span> <span class='ocrx_word' id='word_1_123' title='bbox 1079 1465 1254 1505; x_wconf 87' lang='lat' dir='ltr'><strong>LXXV.</strong></span> <span class='ocrx_word' id='word_1_124' title='bbox 1272 1463 1513 1503; x_wconf 87' lang='lat' dir='ltr'><strong>LXXXIX.</strong></span> 
     </span>
    </p>
   </div>
   <div class='ocr_carea' id='block_1_7' title="bbox 263 1524 1663 1824">
    <p class='ocr_par' dir='ltr' id='par_1_8' title="bbox 263 1524 1663 1824">
     <span class='ocr_line' id='line_1_17' title="bbox 367 1524 1659 1598; baseline 0.001 -18"><span class='ocrx_word' id='word_1_125' title='bbox 367 1537 697 1595; x_wconf 69' lang='grc' dir='ltr'>Ιίᾀθέμιςα,</span> <span class='ocrx_word' id='word_1_126' title='bbox 733 1545 795 1581; x_wconf 87' lang='lat' dir='ltr'>sic</span> <span class='ocrx_word' id='word_1_127' title='bbox 820 1542 1018 1590; x_wconf 85' lang='lat' dir='ltr'>Brunck,</span> <span class='ocrx_word' id='word_1_128' title='bbox 1067 1555 1198 1598; x_wconf 78' lang='lat' dir='ltr'>quem</span> <span class='ocrx_word' id='word_1_129' title='bbox 1233 1544 1428 1595; x_wconf 88' lang='lat' dir='ltr'>sequitur</span> <span class='ocrx_word' id='word_1_130' title='bbox 1459 1524 1659 1591; x_wconf 81' lang='lat' dir='ltr'>Heeren,</span> 
     </span>
     <span class='ocr_line' id='line_1_18' title="bbox 266 1615 1663 1664; baseline -0.003 -7"><span class='ocrx_word' id='word_1_131' title='bbox 266 1627 383 1658; x_wconf 87' lang='lat' dir='ltr'>recte</span> <span class='ocrx_word' id='word_1_132' title='bbox 420 1617 476 1656; x_wconf 88' lang='lat' dir='ltr'>ad</span> <span class='ocrx_word' id='word_1_133' title='bbox 511 1629 684 1656; x_wconf 87' lang='lat' dir='ltr'>sensum</span> <span class='ocrx_word' id='word_1_134' title='bbox 721 1626 764 1655; x_wconf 90' lang='lat' dir='ltr'>et</span> <span class='ocrx_word' id='word_1_135' title='bbox 788 1625 997 1664; x_wconf 87' lang='lat' dir='ltr'>metrum,</span> <span class='ocrx_word' id='word_1_136' title='bbox 1040 1615 1144 1654; x_wconf 87' lang='lat' dir='ltr'>licet</span> <span class='ocrx_word' id='word_1_137' title='bbox 1169 1617 1384 1654; x_wconf 85' lang='lat' dir='ltr'>sententia</span> <span class='ocrx_word' id='word_1_138' title='bbox 1409 1617 1663 1654; x_wconf 82' lang='lat' dir='ltr'>concinnior</span> 
     </span>
     <span class='ocr_line' id='line_1_19' title="bbox 263 1680 1661 1747; baseline -0.004 -13"><span class='ocrx_word' id='word_1_139' title='bbox 263 1695 484 1742; x_wconf 67' lang='lat' dir='ltr'>videatur,</span> <span class='ocrx_word' id='word_1_140' title='bbox 522 1697 558 1732; x_wconf 90' lang='lat' dir='ltr'>si</span> <span class='ocrx_word' id='word_1_141' title='bbox 593 1694 748 1747; x_wconf 87' lang='lat' dir='ltr'>legeris</span> <span class='ocrx_word' id='word_1_142' title='bbox 778 1687 955 1745; x_wconf 74' lang='grc' dir='ltr'>λεωργὰ</span> <span class='ocrx_word' id='word_1_143' title='bbox 986 1686 1059 1730; x_wconf 73' lang='grc' dir='ltr'>καὶ</span> <span class='ocrx_word' id='word_1_144' title='bbox 1089 1680 1275 1746; x_wconf 64' lang='grc' dir='ltr'><em>Βεμιςὰ,</em></span> <span class='ocrx_word' id='word_1_145' title='bbox 1312 1705 1401 1744; x_wconf 91' lang='lat' dir='ltr'>quo</span> <span class='ocrx_word' id='word_1_146' title='bbox 1428 1689 1573 1740; x_wconf 81' lang='lat' dir='ltr'>fieret,</span> <span class='ocrx_word' id='word_1_147' title='bbox 1610 1699 1661 1730; x_wconf 87' lang='lat' dir='ltr'>ut</span> 
     </span>
     <span class='ocr_line' id='line_1_20' title="bbox 267 1760 1662 1824; baseline -0.002 -12"><span class='ocrx_word' id='word_1_148' title='bbox 267 1775 477 1824; x_wconf 86' lang='lat' dir='ltr'>oppositis</span> <span class='ocrx_word' id='word_1_149' title='bbox 505 1771 626 1810; x_wconf 80' lang='lat' dir='ltr'>factis</span> <span class='ocrx_word' id='word_1_150' title='bbox 653 1770 860 1820; x_wconf 89' lang='lat' dir='ltr'>improbis</span> <span class='ocrx_word' id='word_1_151' title='bbox 889 1780 931 1809; x_wconf 87' lang='lat' dir='ltr'>et</span> <span class='ocrx_word' id='word_1_152' title='bbox 957 1769 1118 1822; x_wconf 87' lang='lat' dir='ltr'>probis,</span> <span class='ocrx_word' id='word_1_153' title='bbox 1155 1780 1204 1809; x_wconf 86' lang='lat' dir='ltr'>ut</span> <span class='ocrx_word' id='word_1_154' title='bbox 1230 1770 1436 1821; x_wconf 84' lang='lat' dir='ltr'>deinceps</span> <span class='ocrx_word' id='word_1_155' title='bbox 1465 1760 1587 1822; x_wconf 69' lang='grc' dir='ltr'><em>ὅβρις</em></span> <span class='ocrx_word' id='word_1_156' title='bbox 1617 1779 1662 1809; x_wconf 86' lang='lat' dir='ltr'>et</span> 
     </span>
    </p>
   </div>
   <div class='ocr_carea' id='block_1_8' title="bbox 267 1844 1425 1902">
    <p class='ocr_par' dir='ltr' id='par_1_9' title="bbox 267 1844 1425 1902">
     <span class='ocr_line' id='line_1_21' title="bbox 267 1844 1425 1902; baseline 0 -16"><span class='ocrx_word' id='word_1_157' title='bbox 267 1844 363 1901; x_wconf 75' lang='grc' dir='ltr'>δίκη</span> <span class='ocrx_word' id='word_1_158' title='bbox 392 1859 698 1902; x_wconf 84' lang='lat' dir='ltr'>opponuntur,</span> <span class='ocrx_word' id='word_1_159' title='bbox 733 1848 884 1887; x_wconf 89' lang='lat' dir='ltr'>lumen</span> <span class='ocrx_word' id='word_1_160' title='bbox 910 1851 1152 1886; x_wconf 73' lang='lat' dir='ltr'>sentcntiae</span> <span class='ocrx_word' id='word_1_161' title='bbox 1181 1857 1425 1901; x_wconf 82' lang='lat' dir='ltr'>augeretur.</span> 
     </span>
    </p>
   </div>
   <div class='ocr_carea' id='block_1_9' title="bbox 908 2064 1011 2110">
    <p class='ocr_par' dir='ltr' id='par_1_10' title="bbox 908 2064 1011 2110">
     <span class='ocr_line' id='line_1_22' title="bbox 908 2064 1011 2110; baseline -0.039 0"><span class='ocrx_word' id='word_1_162' title='bbox 908 2064 1011 2110; x_wconf 90' lang='lat' dir='ltr'><strong>VII.</strong></span> 
     </span>
    </p>
   </div>
   <div class='ocr_carea' id='block_1_10' title="bbox 323 2156 1361 2316">
    <p class='ocr_par' dir='ltr' id='par_1_11' title="bbox 323 2156 1361 2316">
     <span class='ocr_line' id='line_1_23' title="bbox 323 2156 1361 2234; baseline -0.007 -19"><span class='ocrx_word' id='word_1_163' title='bbox 323 2165 575 2230; x_wconf 83' lang='grc' dir='ltr'><em>Ἕχουσα</em></span> <span class='ocrx_word' id='word_1_164' title='bbox 610 2162 813 2214; x_wconf 73' lang='grc' dir='ltr'>θαλλὸν</span> <span class='ocrx_word' id='word_1_165' title='bbox 847 2159 1086 2234; x_wconf 69' lang='grc' dir='ltr'>μυῤῥίνης</span> <span class='ocrx_word' id='word_1_166' title='bbox 1121 2156 1361 2231; x_wconf 73' lang='grc' dir='ltr'>ἐτέρπετο</span> 
     </span>
     <span class='ocr_line' id='line_1_24' title="bbox 327 2251 1001 2316; baseline -0.012 -9"><span class='ocrx_word' id='word_1_167' title='bbox 327 2254 500 2316; x_wconf 79' lang='grc' dir='ltr'><em>Ῥοδῆς</em></span> <span class='ocrx_word' id='word_1_168' title='bbox 537 2270 594 2305; x_wconf 76' lang='grc' dir='ltr'>τε</span> <span class='ocrx_word' id='word_1_169' title='bbox 627 2255 789 2305; x_wconf 82' lang='grc' dir='ltr'>καλὸν</span> <span class='ocrx_word' id='word_1_170' title='bbox 827 2251 1001 2310; x_wconf 71' lang='grc' dir='ltr'><em>ἄνθος.</em></span> 
     </span>
    </p>
   </div>
   <div class='ocr_carea' id='block_1_11' title="bbox 328 2399 1617 2472">
    <p class='ocr_par' dir='ltr' id='par_1_12' title="bbox 328 2399 1617 2472">
     <span class='ocr_line' id='line_1_25' title="bbox 328 2399 1617 2472; baseline -0.006 -10"><span class='ocrx_word' id='word_1_171' title='bbox 328 2412 599 2463; x_wconf 87' lang='lat' dir='ltr'>Recreabat</span> <span class='ocrx_word' id='word_1_172' title='bbox 633 2411 859 2459; x_wconf 87' lang='lat' dir='ltr'>animum</span> <span class='ocrx_word' id='word_1_173' title='bbox 894 2399 1137 2472; x_wconf 80' lang='lat' dir='ltr'>myrteam</span> <span class='ocrx_word' id='word_1_174' title='bbox 1171 2408 1405 2457; x_wconf 82' lang='lat' dir='ltr'>frondem</span> <span class='ocrx_word' id='word_1_175' title='bbox 1439 2418 1617 2454; x_wconf 87' lang='lat' dir='ltr'>tenens</span> 
     </span>
    </p>
   </div>
   <div class='ocr_carea' id='block_1_12' title="bbox 329 2501 1509 2568">
    <p class='ocr_par' dir='ltr' id='par_1_13' title="bbox 329 2501 1509 2568">
     <span class='ocr_line' id='line_1_26' title="bbox 329 2501 1509 2568; baseline -0.011 -14"><span class='ocrx_word' id='word_1_176' title='bbox 329 2508 589 2568; x_wconf 86' lang='lat' dir='ltr'>Rosaeque</span> <span class='ocrx_word' id='word_1_177' title='bbox 623 2502 833 2565; x_wconf 87' lang='lat' dir='ltr'>pulchro</span> <span class='ocrx_word' id='word_1_178' title='bbox 869 2501 991 2549; x_wconf 88' lang='lat' dir='ltr'>flore</span> <span class='ocrx_word' id='word_1_179' title='bbox 1025 2501 1200 2548; x_wconf 84' lang='lat' dir='ltr'>cincta.</span> <span class='ocrx_word' id='word_1_180' title='bbox 1235 2526 1305 2537; x_wconf 90' lang='lat'>-—</span> <span class='ocrx_word' id='word_1_181' title='bbox 1338 2524 1405 2535; x_wconf 89' lang='lat'>—</span> <span class='ocrx_word' id='word_1_182' title='bbox 1440 2525 1509 2535; x_wconf 91' lang='grc'>--</span> 
     </span>
    </p>
   </div>
   <div class='ocr_carea' id='block_1_13' title="bbox 1053 2608 1163 2612">
    <p class='ocr_par' dir='ltr' id='par_1_14' title="bbox 1053 2608 1163 2612">
     <span class='ocr_line' id='line_1_27' title="bbox 1053 2608 1163 2612; baseline 0 0"><span class='ocrx_word' id='word_1_183' title='bbox 1053 2608 1163 2612; x_wconf 95' lang='lat' dir='ltr'> </span> 
     </span>
    </p>
   </div>
   <div class='ocr_carea' id='block_1_14' title="bbox 841 2607 1002 2613">
    <p class='ocr_par' dir='ltr' id='par_1_15' title="bbox 841 2607 1002 2613">
     <span class='ocr_line' id='line_1_28' title="bbox 841 2607 1002 2613; baseline 0 0"><span class='ocrx_word' id='word_1_184' title='bbox 841 2607 1002 2613; x_wconf 95' lang='lat' dir='ltr'> </span> 
     </span>
    </p>
   </div>
   <div class='ocr_carea' id='block_1_15' title="bbox 331 2650 1650 2764">
    <p class='ocr_par' dir='ltr' id='par_1_16' title="bbox 331 2650 1650 2764">
     <span class='ocr_line' id='line_1_29' title="bbox 331 2650 1588 2700; baseline -0.009 -10"><span class='ocrx_word' id='word_1_185' title='bbox 331 2659 506 2700; x_wconf 83' lang='lat' dir='ltr'>(Brunck</span> <span class='ocrx_word' id='word_1_186' title='bbox 527 2658 630 2688; x_wconf 83' lang='lat' dir='ltr'>Anal.</span> <span class='ocrx_word' id='word_1_187' title='bbox 653 2658 689 2686; x_wconf 84' lang='lat' dir='ltr'>T.</span> <span class='ocrx_word' id='word_1_188' title='bbox 709 2657 736 2685; x_wconf 91' lang='lat'>1.</span> <span class='ocrx_word' id='word_1_189' title='bbox 757 2665 790 2694; x_wconf 82' lang='lat' dir='ltr'>p.</span> <span class='ocrx_word' id='word_1_190' title='bbox 811 2655 859 2691; x_wconf 74' lang='lat'>46.</span> <span class='ocrx_word' id='word_1_191' title='bbox 882 2654 964 2692; x_wconf 82' lang='lat' dir='ltr'><strong>frag.</strong></span> <span class='ocrx_word' id='word_1_192' title='bbox 985 2654 1031 2688; x_wconf 79' lang='grc'>56.</span> <span class='ocrx_word' id='word_1_193' title='bbox 1054 2655 1173 2685; x_wconf 82' lang='lat' dir='ltr'>Iacobs</span> <span class='ocrx_word' id='word_1_194' title='bbox 1196 2655 1272 2684; x_wconf 81' lang='lat' dir='ltr'><strong>Vol.</strong></span> <span class='ocrx_word' id='word_1_195' title='bbox 1293 2655 1319 2683; x_wconf 84' lang='lat'>1.</span> <span class='ocrx_word' id='word_1_196' title='bbox 1341 2656 1376 2683; x_wconf 82' lang='lat' dir='ltr'>P.</span> <span class='ocrx_word' id='word_1_197' title='bbox 1396 2654 1423 2681; x_wconf 88' lang='lat'>1.</span> <span class='ocrx_word' id='word_1_198' title='bbox 1444 2662 1478 2690; x_wconf 80' lang='lat' dir='ltr'>p.</span> <span class='ocrx_word' id='word_1_199' title='bbox 1498 2650 1588 2688; x_wconf 77' lang='lat'><strong>173.)</strong></span> 
     </span>
     <span class='ocr_line' id='line_1_30' title="bbox 356 2711 1650 2764; baseline -0.011 -3"><span class='ocrx_word' id='word_1_200' title='bbox 356 2721 611 2761; x_wconf 89' lang='lat' dir='ltr'>Ammonius</span> <span class='ocrx_word' id='word_1_201' title='bbox 636 2717 691 2757; x_wconf 86' lang='lat' dir='ltr'>de</span> <span class='ocrx_word' id='word_1_202' title='bbox 710 2713 968 2755; x_wconf 86' lang='lat' dir='ltr'>Differentia</span> <span class='ocrx_word' id='word_1_203' title='bbox 989 2729 1160 2762; x_wconf 88' lang='lat' dir='ltr'>vocum,</span> <span class='ocrx_word' id='word_1_204' title='bbox 1188 2713 1263 2753; x_wconf 88' lang='lat' dir='ltr'>ubi</span> <span class='ocrx_word' id='word_1_205' title='bbox 1285 2714 1494 2754; x_wconf 81' lang='lat' dir='ltr'>diversam</span> <span class='ocrx_word' id='word_1_206' title='bbox 1518 2711 1650 2764; x_wconf 84' lang='lat' dir='ltr'>signi-</span> 
     </span>
    </p>
   </div>
   <div class='ocr_carea' id='block_1_16' title="bbox 260 2784 1649 2851">
    <p class='ocr_par' dir='ltr' id='par_1_17' title="bbox 260 2784 1649 2851">
     <span class='ocr_line' id='line_1_31' title="bbox 260 2784 1649 2851; baseline -0.009 -14"><span class='ocrx_word' id='word_1_207' title='bbox 260 2798 504 2839; x_wconf 80' lang='lat' dir='ltr'>ficationem</span> <span class='ocrx_word' id='word_1_208' title='bbox 527 2798 642 2837; x_wconf 84' lang='lat' dir='ltr'>vocis</span> <span class='ocrx_word' id='word_1_209' title='bbox 671 2788 817 2851; x_wconf 79' lang='grc' dir='ltr'><strong><em>ῥόδον,</em></strong></span> <span class='ocrx_word' id='word_1_210' title='bbox 843 2807 963 2843; x_wconf 83' lang='lat' dir='ltr'>rosa,</span> <span class='ocrx_word' id='word_1_211' title='bbox 990 2785 1196 2847; x_wconf 80' lang='grc' dir='ltr'><em>ῥοδωνιὰ,</em></span> <span class='ocrx_word' id='word_1_212' title='bbox 1223 2802 1437 2838; x_wconf 78' lang='lat' dir='ltr'>rosetum,</span> <span class='ocrx_word' id='word_1_213' title='bbox 1467 2801 1512 2831; x_wconf 79' lang='lat' dir='ltr'>et</span> <span class='ocrx_word' id='word_1_214' title='bbox 1533 2784 1649 2845; x_wconf 77' lang='grc' dir='ltr'><em>ῥοδῆ,</em></span> 
     </span>
    </p>
   </div>
  </div>
 </body>
</html>
