1846 3308
695 307 1035 359 —65—

265 438 466 489 Ῥοαῖς.
520 444 591 482 Sic
616 438 830 482 Aihenae.
866 433 971 494 ῥοὰς
1004 438 1191 477 Brunck.
1217 436 1295 476 sed
1321 446 1556 490 utrumque

160 521 202 562 vi
234 519 573 570 praepositionis
610 523 729 554 recte
765 511 910 552 habet.
982 511 1288 557 Homericum,
1334 509 1496 548 deinde
1531 523 1554 548 a

159 598 304 649 poetis
323 606 455 645 saepe
475 595 695 639 usitatum,
713 589 763 629 Π.
782 583 817 627 δ.
835 602 900 641 92.
928 583 1003 626 ἀπ’
1033 583 1244 637 Λίσήποιο
1263 580 1420 640 ῥοάων.
1449 586 1496 624 11.
1513 580 1553 639 ζ.

158 689 198 713 v.
219 678 258 725 4.
286 683 330 723 γ.
363 684 404 710 v.
422 674 460 714 5.
482 677 527 707 et
552 666 669 706 alias.
731 667 803 705 Sic
830 675 874 705 et
898 665 1047 715 Eurip.
1077 662 1233 702 Helen.
1262 675 1301 700 v.
1326 676 1358 700 1.
1387 659 1554 703 Νείλου

161 747 240 803 μὲν
265 743 356 788 αἵδε
378 738 734 798 καλλιπάρθενοι
761 737 871 797 ῥοαί.
896 757 935 783 v.
961 743 1044 782 161.
1073 735 1138 779 ἐπ’
1165 729 1356 793 Εὐρώτα
1382 736 1499 794 ῥοάς.

811 1015 892 1060 IV.

213 1123 375 1184 Ἀναξ
400 1125 694 1182 Ἄπολλον,
739 1121 829 1173 καί
864 1123 932 1172 σὺ
961 1123 1086 1182 τοὺς
1123 1121 1211 1185 μὲν
1249 1122 1445 1182 αἰτίους

221 1229 474 1296 Πὴμαινε,
518 1225 609 1278 καὶ
646 1224 789 1291 σφὰς
825 1222 1001 1284 ὅλλυ’,
1048 1224 1229 1295 ὥσπερ
1267 1221 1483 1283 ὀλλὺεις.

225 1446 268 1491 Ο
304 1446 413 1492 Rex
449 1440 665 1504 Apollo,
712 1449 773 1484 tu
806 1437 958 1484 huius
995 1447 1221 1485 auctores
1255 1434 1328 1483 rei

187 1565 190 1567 ·
223 1548 386 1593 Onera
414 1542 587 1601 malis,
635 1557 691 1587 ac
723 1538 900 1602 perde,
947 1537 1151 1600 perdere
1186 1548 1246 1583 ut
1279 1538 1426 1585 soles.

254 1750 498 1791 Macrobius
517 1747 730 1789 Satumal.
752 1747 800 1785 L.
819 1745 853 1785 I.
884 1746 931 1785 C.
955 1758 1015 1797 17.
1025 1773 1039 1793 ,
1066 1745 1144 1785 ubi
1177 1759 1397 1798 exponens
1416 1750 1548 1787 ratio·

152 1837 257 1863 nem
284 1828 647 1875 notationemque
675 1822 864 1860 nominis
884 1819 1100 1870 Apollinis
1128 1819 1235 1859 alios
1265 1823 1323 1859 ait
1354 1821 1547 1868 credere,

151 1901 401 1953 Apollinem
420 1903 691 1939 nominatum
713 1911 804 1937 esse
824 1891 880 1942 ὡς
900 1889 1166 1935 ἀπολλύντα
1185 1896 1244 1935 τὰ
1261 1892 1381 1951 ζῶα;
1406 1899 1550 1935 exani-

151 1983 241 2012 mat
260 1977 375 2012 enim
394 1982 436 2012 et
451 1974 625 2024 perimit
645 1973 895 2018 animantia,
914 1980 963 2008 ut
979 1969 1208 2021 Euripides
1227 1974 1274 2009 in
1293 1968 1547 2009 Phaethont.

306 2037 375 2086 ³ss
402 2043 719 2102 χρυσοφεγγές
747 2039 862 2098 ἥλι’,
908 2038 964 2091 ὡς
994 2041 1239 2094 ἀπώλεσας,

300 2120 443 2166 ’Ὅθεν
473 2122 510 2165 σ’
539 2120 791 2165 Ἀπόλλων’
820 2119 1031 2177 ἐμφανῶς
1060 2118 1215 2175 κλήσει
1241 2119 1415 2179 βροτός.

150 2207 258 2247 Item
277 2203 585 2245 Archilochus:
604 2193 749 2249 ’Ἂνιιξ
767 2194 871 2242 Ἀπ’.
903 2214 945 2241 κ.
975 2214 1017 2240 τ.
1048 2195 1092 2239 λ.
1119 2201 1122 2203 ’

215 2279 331 2318 Hinc
343 2281 389 2317 in
403 2278 588 2317 eandem
604 2280 865 2316 sententiam
880 2280 1010 2317 etiam
1021 2266 1256 2330 Aeschylus
1266 2276 1417 2330 Agam.
1434 2282 1546 2323 1088.

300 2348 558 2399 ’Δπολλον,
588 2345 845 2397 Ἄπολλον,

307 2428 485 2486 ’Δγυιεῦ
512 2433 553 2471 τ’
582 2425 798 2471 ἀπόλλων
828 2425 954 2483 ἐμός·

307 2506 564 2557 ’Δπώλεσας
591 2506 679 2563 ’γὰρ
710 2498 762 2549 οἷ)
797 2504 929 2563 μόλις
954 2503 1007 2549 τὸ
1038 2505 1250 2563 δεύτερον.

151 2585 279 2636 Quae
303 2598 407 2625 vero
434 2585 591 2624 Graeci
613 2584 669 2623 de
698 2584 961 2638 etymologia
989 2582 1114 2623 huius
1142 2586 1331 2623 nominis
1359 2586 1543 2637 argutati

151 2661 235 2697 sint
244 2686 259 2706 ,
285 2657 371 2696 vid.
387 2661 434 2696 in
452 2655 610 2711 Cratyl.
628 2656 798 2696 Platon.
815 2658 867 2695 T.
878 2654 951 2696 IV.
971 2671 1013 2708 p.
1034 2662 1122 2709 274.
1150 2655 1365 2696 Plutarch.
1385 2657 1436 2693 T.
1449 2651 1542 2693 VII.

150 2749 192 2787 p.
214 2737 290 2785 544
309 2742 352 2771 et
372 2737 460 2783 548.
487 2743 581 2771 not.
603 2746 666 2772 21.
694 2736 798 2771 item
816 2733 1013 2772 Macrob.
1041 2733 1069 2772 l.
1099 2749 1134 2771 c.
1187 2734 1256 2770 De
1274 2745 1381 2770 voce
1410 2721 1541 2776 ἅναξ,

154 2803 393 2846 honorifica
412 2804 603 2843 Deorum
624 2806 986 2859 compellatione,
1018 2809 1105 2859 agit
1124 2806 1340 2856 Koeppen
1359 2808 1404 2843 in
1426 2808 1539 2844 notis

1009 2880 1043 2916 E
