1846 3308
793 277 1165 325 ...204—

286 422 371 452 νων
401 405 481 464 ὂΐζ.
511 420 553 448 κ.
582 421 623 448 τ.
656 403 700 447 λ.
729 409 805 450 ubi
833 411 866 448 si
898 412 1253 450 coniunctionem
1283 404 1358 446 καὶ
1378 420 1671 465 proposueris,

287 499 537 532 tetrameter
589 486 832 527 trochaicus
886 490 980 526 erit.
1062 488 1134 527 De
1185 501 1294 528 voce
1336 480 1566 543 βάρβαρος
1616 490 1672 531 cf.

288 566 461 604 Excurs.
479 562 553 603 111.
574 561 708 601 Tollii
727 563 775 600 in
794 559 881 600 fine
901 561 1045 601 Lexici
1064 561 1270 614 Apollon.
1289 558 1533 614 Sophistae.

827 903 1136 947 LXXXVIII.

289 1016 465 1069 Θάσον
504 1012 560 1064 δέ
594 1011 681 1073 τὴν
719 1007 1054 1083 τρισοῖζυρὴν
1090 1009 1251 1060 πόλιν.

291 1229 515 1276 Thasum
540 1224 693 1273 nimis
717 1236 867 1287 quam
887 1220 1118 1268 miseram
1140 1220 1315 1271 urbem
1343 1224 1426 1272 vel
1444 1224 1678 1274 insulam,

393 1444 586 1485 Eustath.
617 1443 768 1498 Odyss.
790 1456 823 1483 ε.
845 1441 897 1479 Τ.
916 1440 988 1480 111.
1008 1454 1050 1493 p.
1074 1445 1193 1492 1542,
1223 1440 1299 1481 ubi
1333 1442 1486 1490 docet,
1521 1436 1612 1496 τρὶς
1638 1445 1684 1483 iu

296 1521 544 1570 compositis
566 1517 889 1557 multitudinem
911 1527 1040 1567 saepe
1059 1514 1327 1569 significare,
1358 1516 1414 1555 ad
1440 1517 1564 1569 quod
1585 1515 1685 1556 illu-

295 1596 516 1636 strandum
529 1593 771 1635 Archilochi
789 1595 930 1633 locum
951 1592 1104 1640 adfert,
1127 1602 1170 1632 et
1187 1606 1266 1644 per
1287 1587 1389 1636 λίαν
1413 1588 1591 1648 ὀΐζυρὰν
1614 1608 1686 1634 ex-

295 1676 441 1728 plicat.
476 1674 537 1713 Ita
556 1687 728 1726 quoque
748 1674 800 1711 T.
817 1673 849 1712 Ι.
869 1684 913 1723 p.
930 1676 1018 1723 725.
1037 1670 1087 1710 Il.
1106 1668 1154 1709 9.
1173 1675 1297 1712 variis
1317 1672 1521 1724 exemplis
1542 1682 1688 1711 osten-

299 1753 386 1800 dit,
425 1747 514 1803 τρὶς
536 1754 583 1789 in
603 1752 850 1802 compositis
866 1748 983 1790 idern
1007 1748 1172 1798 valere,
1201 1749 1323 1803 quod
1341 1742 1458 1790 πολὺ
1472 1775 1486 1794 ,
1514 1742 1687 1789 πολλά-

294 1841 383 1877 κις,
423 1821 540 1881 ἄγαν
555 1856 565 1875 ,
600 1826 676 1866 ubi
695 1830 850 1866 iterum
873 1824 957 1865 hoc
979 1825 1226 1866 Archilochi
1245 1827 1346 1867 loco
1369 1831 1516 1868 utitur.
1570 1826 1689 1867 Con-

295 1905 426 1943 sentit
456 1899 672 1941 Plutarch.
701 1899 755 1939 de
783 1898 882 1939 Isid.
916 1909 958 1939 et
988 1900 1147 1940 Osirid.
1176 1900 1227 1939 T.
1247 1900 1340 1939 VII.
1373 1903 1416 1954 p'.
1443 1907 1532 1955 441.
1560 1899 1613 1943 τὸ
1643 1899 1690 1942 δὲ

295 1974 518 2027 πολλάκις
558 1973 777 2030 εἰώθαμεν
814 1972 888 2014 καὶ
925 1972 1016 2030 τρὶς
1054 1971 1223 2030 λέγειν,
1266 1971 1323 2025 ὦς
1358 1974 1411 2017 τὸ
1447 1977 1688 2034 τρισμάκα-

297 2071 387 2112 ρες.
436 2052 510 2097 καὶ
551 2052 698 2110 δεσμοὶ
728 2050 806 2108 μὲν
836 2050 926 2109 τρὶς
961 2049 1111 2094 τόσσοι
1142 2051 1371 2111 ἀπείρονες.
1433 2058 1531 2097 Hoc
1562 2072 1690 2098 sensu

299 2139 427 2175 etiam
458 2136 569 2175 illud
602 2134 802 2182 Pindari,
838 2128 972 2173 πόνον
1013 2128 1357 2187 ἐμπεδόμοχθον
1386 2130 1502 2186 μετὰ
1540 2131 1688 2189 τρίτον

299 2208 514 2265 τέταρτον
528 2239 539 2256 ,
576 2213 738 2251 dictum
767 2226 858 2252 esse
886 2212 1050 2251 iudicat
1069 2212 1132 2251 Cl.
1153 2213 1332 2266 Heyne,
1371 2222 1419 2251 ut
1438 2226 1462 2251 a
1481 2212 1687 2267 Virgilio:

298 2299 325 2326 o
357 2296 510 2337 terque
540 2295 780 2337 quaterque
810 2284 942 2324 beati.
1003 2286 1073 2324 Sic
1107 2294 1150 2324 et
1182 2295 1314 2338 poeta
1343 2285 1607 2326 Germanus:
1650 2288 1689 2326 Ο

296 2357 503 2410 dreymal
525 2357 784 2409 gliicltliclces
811 2355 959 2396 Laud.
1009 2395 1011 2398 .

394 2472 780 2531 Τρισοῖζυρὴν
809 2470 989 2514 πόλιν.
1043 2476 1113 2516 De
1144 2492 1250 2517 voce
1271 2474 1399 2527 πόλις
1424 2478 1609 2519 insulam
1636 2481 1692 2518 si-

301 2550 536 2607 gnificante
561 2550 661 2590 vide
690 2550 918 2603 fragment.
950 2550 1012 2601 67.
1079 2550 1218 2590 Etiam
1258 2553 1501 2601 Hesiodus,
1561 2551 1692 2591 Ascra

299 2640 377 2665 sua
421 2637 516 2664 non
567 2625 702 2676 magis
750 2635 880 2674 quam
918 2620 1201 2663 Archilochus
1251 2624 1397 2666 Thaso
1449 2634 1690 2672 contentus,

301 2702 455 2742 eadem
491 2703 538 2740 in
573 2700 648 2739 illa
689 2699 926 2749 improbat:
971 2695 1181 2740 Νάσσατο
1222 2697 1256 2739 δ’
1295 2695 1407 2756 ἄγχ’
1453 2696 1694 2748 Ἑλικῶνος

301 2774 505 2833 ὁϊζυρῆ
545 2771 620 2817 ἑνὶ
663 2773 839 2830 κώμη,
869 2769 1084 2832 Ἄσκρη.
1135 2768 1262 2832 Ἔργ.
1290 2794 1324 2819 ν.
1347 2781 1433 2825 625.
