1846 3308
716 299 917 352 -εγ
986 317 1054 327 --

187 439 332 470 mesos
353 429 651 482 formosusque
668 428 827 479 passim
852 438 878 464 a
895 422 1221 477 pulchritudine
1247 438 1466 466 comarum
1483 425 1578 466 lau-

189 502 313 543 datos
330 503 460 557 legas.
499 503 691 553 Propert.
711 499 759 537 L.
775 498 828 546 H,
843 505 884 546 3,
916 505 975 544 13.
996 498 1039 536 Ν
1042 510 1090 536 ec
1110 497 1165 536 de
1185 511 1306 537 more
1327 513 1477 538 comae
1496 509 1580 551 per

185 573 298 614 levia
336 575 448 614 colla
482 571 680 613 fluentes.
718 570 846 610 Ovid.
880 571 1059 610 Metam.
1087 570 1150 618 ΙΙ,
1187 571 1277 616 635.
1318 572 1430 611 Ecce
1455 574 1577 611 venit

184 647 339 686 rutulis
375 646 577 686 humeros
613 653 811 696 protecta
847 643 1023 695 capillis.
1052 643 1226 682 Petron.
1254 644 1389 698 Satyr.
1425 644 1576 682 Crines

185 722 366 774 ingenio
386 707 465 759 suo
485 717 583 758 flexi
600 730 680 769 per
699 725 814 756 totos
837 729 929 756 sese
952 714 1154 756 humeros
1183 714 1441 756 effuderant.
1495 717 1578 755 Ce-

188 801 327 831 terum
347 792 402 832 de
422 804 545 830 coma
571 799 614 829 et
636 788 781 828 studio
813 791 902 828 eius
929 788 1101 835 alendi,
1132 798 1175 828 et
1197 801 1318 828 more
1342 776 1578 836 tondendi,'

188 864 368 917 aliisque
391 864 446 903 ad
474 863 586 903 hanc
613 876 705 903 rem
728 861 1021 915 spectantibus
1038 861 1138 903 vide
1157 860 1291 901 Hadr.
1310 860 1425 901 Iunii
1448 860 1576 900 Com-

185 947 365 979 mentar.
388 937 445 978 de
464 950 596 978 coma.

537 1224 540 1227 .
818 1180 943 1225 XIV.

317 1277 518 1343 Μὰχης
554 1276 611 1327 δὲ
645 1275 733 1338 τῆς
768 1274 886 1338 σῆς,
923 1274 1029 1339 αἵςε
1063 1273 1267 1342 διψέων
1299 1273 1439 1335 πιεῖν,

311 1368 407 1428 εὨς
441 1367 587 1439 ἐρέω.
619 1395 688 1404 -

316 1540 547 1602 Pugnare
577 1545 769 1593 tecum,
817 1549 908 1582 ceu
938 1522 1109 1583 bibere
1142 1531 1340 1594 sidem,
1386 1547 1480 1598 ego

319 1627 399 1676 Sic
432 1626 596 1690 cupio.
634 1650 703 1663 --·

257 1793 507 1834 Athenaeus
527 1796 575 1835 L.
594 1796 650 1835 X.
676 1809 719 1848 p.
733 1800 822 1847 453.
844 1795 892 1834 E.
920 1790 997 1846 τῆς
1020 1789 1063 1833 δὲ
1088 1790 1217 1848 δίψης
1241 1783 1365 1834 οῦδὲν
1389 1786 1480 1830 ἐστι
1502 1800 1578 1830 πο·

182 1866 546 1925 λυποθητότερον
561 1882 571 1893 ·
603 1867 747 1925 διόπερ
765 1868 840 1910 καὶ
860 1867 912 1911 τὸ
935 1863 1094 1925 ’Ἄργος
1112 1867 1384 1920 πολυδίψιον
1413 1863 1434 1907 ὁ
1455 1879 1577 1919 ποιη·

182 1946 258 2001 τὴς
299 1944 388 2001 ἔφη
426 1944 746 2002 πολυπόθητον
786 1944 856 1988 διὰ
891 1944 969 1988 τὸν
1007 1946 1187 2002 χρόνον.
1227 1944 1279 1987 τὸ
1322 1943 1450 1999 δίψος
1494 1941 1575 2000 μὲν

183 2022 269 2080 γὰρ
298 2025 430 2067 πᾶσιν
458 2022 650 2079 ἰσχυρὰν
678 2021 917 2080 ἐπιθυμίαν
942 2021 1113 2081 ἐμποιεῖ
1139 2021 1219 2077 τὴν
1243 2019 1339 2079 περὶ
1365 2021 1439 2077 τῆς
1471 2019 1575 2063 ἁπο-

95 2128 98 2131 -
181 2099 391 2153 λαὺσεως.
442 2100 504 2143 διὸ
537 2099 610 2146 καὶ
643 2100 663 2143 ὁ
695 2100 943 2157 Σοφοκλῆς
977 2101 1112 2155 φησι·
1150 2100 1360 2155 Διψῶντι
1388 2098 1474 2157 γάρ
1503 2113 1574 2141 τοι

180 2177 329 2222 πάντα
355 2177 627 2236 προσφέρων
651 2177 796 2233 σοφὰ,
848 2171 947 2220 Οὐκ
976 2174 1031 2219 ἂν
1061 2174 1199 2219 πλέον
1234 2176 1468 2236 τέρψειας,
1511 2175 1573 2233 μὴ

183 2261 289 2314 (leg.
318 2250 402 2310 οὗ)
419 2256 532 2299 πιεῖν
552 2255 704 2307 διδοὺς.
725 2255 799 2297 καὶ
817 2253 1117 2312 Ἀρχίλοχος·
1146 2254 1315 2311 Μὰχης
1335 2254 1379 2297 δὲ
1399 2270 1440 2297 κ.
1460 2270 1503 2297 τ.
1526 2251 1571 2296 λ.

181 2332 491 2373 Vehementius
525 2335 656 2388 igitur
690 2332 953 2372 desiderium
978 2331 1260 2372 Archilochus
1297 2342 1397 2385 apta
1423 2331 1573 2371 simill-

183 2405 333 2446 tudine
354 2409 533 2447 sitientis
557 2406 764 2455 illustrat,
795 2407 913 2445 cuius
939 2403 1122 2445 bibendi
1151 2405 1377 2457 cupidjtati
1400 2407 1466 2443 vix
1487 2404 1571 2443 alia

183 2495 261 2534 par
293 2495 382 2522 esse
411 2486 642 2523 invenitur.
703 2484 773 2522 Sic
806 2482 1004 2535 Aeschyl.
1037 2482 1187 2537 Agam.
1215 2495 1303 2535 909.
1339 2476 1569 2529 Κάλλιςον

185 2545 302 2610 ἦμαρ
340 2555 506 2600 εἰσιδεῖν
543 2556 593 2600 ἐκ
621 2556 838 2614 χείματος
862 2555 1103 2613 Ὁδοιπόρςυ
1144 2555 1336 2612 διψῶντι
1378 2555 1569 2610 πηγαῖον

184 2629 286 2688 ῥέος.
346 2635 568 2691 Meleager
596 2637 741 2691 Epigr.
770 2637 826 2676 X.
864 2633 1028 2690 Διψῶν
1079 2630 1135 2684 ὡς
1183 2632 1380 2689 ἐφίλησα
1417 2630 1571 2686 θέρευς

185 2706 458 2765 ἁπαλόχροα
484 2707 642 2758 παῖδα,
683 2714 761 2754 ubi
780 2715 878 2755 vide
895 2715 1049 2756 Iacobs
1070 2715 1296 2756 AnimadV.
1316 2715 1367 2753 T.
1388 2713 1419 2752 Ι.
1440 2726 1483 2765 p.
1505 2712 1566 2753 26.

188 2790 312 2829 Unde
334 2799 376 2829 et
402 2792 542 2842 ipsum
567 2790 745 2831 verbum
773 2786 913 2846 διψᾷν
938 2806 1017 2845 per
1046 2792 1370 2832 translationem
1392 2791 1569 2831 Graecis
