1846 3308
807 298 874 308 ...-
950 281 1042 329 132
1114 301 1180 310 ...-

299 407 375 449 καί
413 406 517 450 εἰσιν
561 400 677 448 αὐτὰ
721 405 779 448 τὰ
822 403 1048 464 ἔργματα,
1105 402 1137 448 οἳ
1172 407 1458 462 φρονέουσιν,
1507 409 1628 452 κακά
1668 409 1696 468 ὴ·

302 480 469 541 ἀγαθά.
497 491 525 527 i.
547 501 584 527 e.
623 487 772 540 quales
806 490 837 526 ii
871 497 995 537 sunt,
1036 490 1112 541 qui
1149 490 1195 527 in
1222 501 1289 526 res
1324 488 1548 539 incidunt,
1590 493 1697 533 tales

301 564 427 601 etiam
455 570 556 603 sunt
581 558 663 600 hae
690 564 810 613 ipsae
835 572 918 608 reS,
958 574 1063 613 quas
1084 570 1230 600 mente
1259 565 1424 615 agitant
1452 572 1495 602 et
1519 564 1698 606 student

298 634 521 687 perficere.
558 632 644 672 vid.
681 631 815 671 Fisch.
853 632 909 671 ad
942 632 1144 674 Aeschin.
1182 648 1227 674 n.
1254 635 1316 686 69.
1354 637 1431 688 qui
1465 647 1697 687 sequentes

298 721 443 747 versus
470 705 687 758 Euripidis
726 719 822 744 cum
859 703 944 746 hoc
976 706 1104 755 loco,
1152 707 1275 761 quod
1311 708 1368 748 ad
1401 722 1576 749 sensum
1603 713 1699 750 atti-

299 790 401 830 net,
441 788 683 832 comparat:

411 855 513 906 Τοῖς
544 851 798 910 πράγμασιν
831 851 916 908 γὰρ
947 848 1054 908 οὐχὶ
1085 853 1346 907 θυμοῦσθαι
1375 856 1550 913 χρεών·

411 930 555 974 Μέλει
585 933 670 987 »γὰρ
701 923 852 980 αὐτοῖς
879 923 1031 973 οὐδέν·
1070 929 1176 973 ἀλλ’
1203 926 1525 990 ὁῦντυγχάνων

412 1010 483 1052 Τὰ
511 1006 737 1066 πράγματ’
770 1007 913 1065 ὀρθῶς
943 1006 994 1067 ἦν
1023 1010 1158 1067 τιθῇ,
1187 1005 1344 1068 πράξει
1373 1009 1538 1063 καλῶς.

401 1087 716 1145 Ἐγκυρὲωσ
734 1102 793 1130 ιν.
880 1085 1147 1145 Ἐγκυρῆσαι
1209 1087 1306 1131 ἀντὶ
1358 1088 1439 1132 τοῦ
1493 1086 1698 1143 ἐντυχεῖν

299 1166 420 1206 Suid.
471 1167 542 1205 Sic
567 1164 766 1219 Bacchyl.
797 1164 913 1218 apud
940 1165 1075 1204 Clem.
1103 1166 1222 1205 Alex.
1260 1167 1415 1206 Strom.
1433 1165 1507 1205 VI.
1544 1179 1587 1218 p.
1606 1165 1697 1216 745.

299 1238 397 1297 πρὶν
449 1237 657 1297 ἐγκῦρσαι
710 1236 839 1292 δύαις.
902 1241 1122 1284 Theocrit.
1158 1243 1267 1298 Idyl.
1301 1257 1373 1293 22,
1400 1255 1439 1296 9.
1475 1238 1699 1295 χαλεποῖς

300 1317 534 1378 ἐνέκυρσαν
565 1316 731 1373 ἂὴταις.

897 1558 1090 1603 XLVII.

393 1651 645 1692 Trochaicis
665 1650 914 1692 Archilochi
936 1655 1191 1698 tetrametris
1221 1655 1350 1692 etiam
1374 1656 1564 1693 carmina
1589 1653 1700 1695 alius

295 1725 467 1766 moduli
501 1725 705 1765 videntur
739 1729 929 1765 immixta
965 1725 1119 1772 fuisse3
1165 1724 1464 1779 Hephaestion
1492 1736 1607 1766 certe
1635 1735 1700 1766 te·

296 1809 455 1847 statur,
500 1801 548 1839 in
585 1802 839 1839 tetrametris
875 1807 1054 1851 poetam
1089 1801 1293 1852 sequenti
1338 1813 1517 1853 quoque
1557 1809 1697 1840 metro

299 1881 546 1927 asynarteto
574 1885 700 1911 usum
728 1885 843 1911 esse:
1455 1878 1462 1882 “

328 1969 677 2043 Ἐρασμονίδη
712 1969 968 2039 Χαρίλαε,
1005 1968 1193 2042 χρῆμά
1228 1985 1309 2020 τοι
1345 1968 1561 2038 γελοῖον.

330 2136 667 2185 Erasmonide
704 2138 953 2199 Charilae,
1003 2139 1154 2204 digna
1189 2155 1268 2187 res
1304 2137 1545 2185 cachinno
1582 2147 1672 2184 est.

398 2305 469 2343 Sic
514 2306 630 2344 enim
675 2303 975 2357 Hephaestion
1020 2319 1062 2358 p.
1091 2319 1156 2358 27.
1189 2301 1375 2359 Πρῶτος
1409 2299 1453 2343 δὲ
1487 2298 1695 2357 Ἀρχίλο·

294 2391 380 2432 χος
409 2376 634 2433 ἐχρήσατο
667 2376 849 2433 μεγέθει
879 2375 1026 2432 τούτῳ
1065 2382 1248 2434 (nempe
1287 2382 1471 2421 dimetro
1508 2396 1696 2435 anapae-

295 2459 429 2510 stico)
466 2452 519 2496 ἐν
557 2453 680 2503 τοῖς
725 2453 1148 2513 τετραμέτροις
1198 2449 1422 2511 προτάξας
1462 2451 1572 2499 αὐτὸ
1613 2455 1694 2499 τοῦ

297 2527 627 2584 ἶθυφαλλικοῦ.
659 2527 827 2589 τὸγὰρ
857 2530 1233 2590 Ἐρασμονίδη
1272 2531 1522 2589 Χαρίλαε
1553 2532 1695 2590 ἔφθη·

295 2606 473 2664 μιμερὲς
509 2606 809 2660 ἂναπαιςικόν.
848 2614 967 2651 cuius
1005 2611 1182 2651 alteram
1217 2621 1410 2663 partem,
1447 2611 1695 2667 ithyphalli-

301 2704 397 2729 cum
417 2703 577 2741 nempe
599 2689 745 2738 colon,
776 2692 878 2729 citat
897 2689 1015 2729 idem
1042 2703 1084 2741 p.
1103 2694 1167 2740 48.
1195 2688 1272 2728 ubi
1296 2689 1351 2729 de
1379 2684 1692 2743 ἂσυναρτὴτοις

298 2768 397 2819 agit.
425 2762 604 2806 Γίνεται
626 2761 680 2805 ,δὲ
706 2761 1013 2820 ἀσυνάρτητα,
1066 2760 1232 2806 ὁπόταν
1265 2761 1340 2807 δύο
1372 2761 1502 2806 κῶλα
1533 2756 1594 2820 μὴ
1625 2762 1694 2805 δυ·
