1846 3308
175 408 283 456 μηδὲν
306 410 444 444 τοιοῦτο
471 407 601 444 παθεῖν
628 421 666 443 κ.
691 421 726 442 τ.
753 410 789 442 λ.
834 403 997 440 Schol.
1029 404 1324 452 Aphthonii
1357 418 1395 453 Ρ,
1420 405 1566 442 XVIII.

176 477 260 514 ὅθεν
294 478 352 512 καὶ
384 477 538 517 πολλοὺς
570 475 638 520 δρῶ
668 474 733 518 μἐν
755 475 840 521 πρὸς
861 472 1004 509 ἔπαινον
1039 472 1195 513 δεξιοὺς,
1232 472 1272 508 οὐ
1301 474 1370 518 μὴν
1396 475 1451 509 καὶ
1479 476 1567 521 πρὸς

175 544 319 592 ψόγον,
354 547 400 586 ὡς
423 540 589 590 Ὀμηρον
614 542 674 576 καὶ
701 540 903 590 Πίνδαρον·
950 539 1087 588 ἑτέρους
1116 541 1153 575 δὲ
1179 540 1401 582 τούναντίον,
1434 543 1480 584 ὡς
1504 543 1566 578 τὸν

174 612 419 662 Ἀρχίλοχον.
475 608 566 648 Vid-
597 607 713 643 etiam
744 620 858 656 supra
889 607 922 651 §.
947 608 997 644 V.
1027 619 1062 646 a.
1095 606 1191 641 item
1227 607 1262 651 ὦ.
1290 609 1321 643 Ι.
1344 620 1397 645 m.
1428 618 1467 644 et
1490 609 1567 657 epi.

177 693 338 730 gramm.
354 675 514 717 Anthol.

267 749 320 796 g)
346 747 427 782 Dio
449 733 646 791 Chrysost‘,
670 744 776 781 Orat.
792 753 851 787 53.
881 756 922 791 Ρ.
941 742 1023 791 596.
1053 741 1136 779 vid.
1162 742 1194 787 ὖ.
1215 743 1304 781 VH.
1327 755 1367 791 Ρ.

268 814 328 861 h)
359 812 515 860 Quinct.
533 811 705 849 Institut.
724 811 833 848 Orat.
855 812 902 847 L.
920 811 971 847 X.
997 823 1030 845 c.
1050 822 1083 847 1.

265 883 311 929 i)
341 880 441 919 Vide
458 880 491 924 ᾖ.
509 880 561 918 V.
584 893 621 927 g.
640 880 668 918 i.
688 878 728 916 k.
744 892 798 915 m.
944 913 948 917 ,

268 948 323 995 lt)
357 950 533 984 Sextus
566 947 697 995 Emp.
724 956 911 983 contra
934 945 1159 980 Mathem.
1191 946 1239 982 L.
1260 946 1292 983 I.
1330 957 1369 993 Ρ.
1391 949 1475 988 232.
1516 945 1569 982 Οἱ

176 1019 216 1056 δὲ
246 1017 388 1066 ὀργίλοι
420 1015 651 1052 Ἱππώνακτα
682 1015 741 1052 καὶ
770 1014 1002 1064 Ἀρχίλοχον
1034 1014 1201 1056 ἇλείπτας
1233 1011 1364 1061 ἔχουσι
1394 1016 1458 1058 τῆς
1488 1013 1568 1060 περὶ

176 1085 306 1129 αὐτοὺς
324 1085 461 1126 κακίας.

266 1153 309 1194 l)
340 1150 563 1187 Eustathius
589 1152 635 1188 T.
654 1153 706 1188 II.
732 1165 771 1200 Ρ.
793 1157 851 1196 88.
879 1150 970 1187 vide
996 1150 1132 1198 fragm.
1159 1157 1238 1183 120.

263 1222 333 1267 m)
361 1218 536 1255 Suidas
566 1232 607 1256 v.
636 1219 928 1268 Ἀρχίλοχος
949 1238 995 1247 -
1016 1219 1243 1267 Ἀρχίλοχον
1261 1218 1404 1260 πατεῖς,
1428 1216 1569 1253 ἐπὶτῶν

175 1287 387 1338 κακηγόρων
415 1289 475 1323 καὶ
499 1287 681 1336 λοιδόρων.
734 1285 964 1322 Eustath.
993 1287 1040 1322 T.
1062 1287 1133 1321 111.
1167 1298 1205 1333 Ρ.
1228 1284 1330 1328 1684.
1363 1284 1409 1318 de
1436 1283 1572 1319 Archi-

174 1355 312 1392 locho:
347 1352 387 1401 ἦν
421 1357 496 1404 ’γὰρ
524 1357 541 1392 ὅ
566 1357 653 1403 ἀνὴρ
684 1356 790 1398 δεινὸς
813 1355 967 1404 ὑβρίζειν
983 1363 993 1374 ·
1029 1349 1111 1391 ὅθεν
1137 1353 1196 1389 καὶ
1217 1351 1392 1399 παροιμία
1414 1350 1472 1388 ἐπὶ
1499 1356 1568 1386 τῶν

173 1421 268 1463 οὕτω
287 1426 461 1461 σκώπτειν
480 1424 643 1469 adonem,
675 1424 735 1460 τὸν
751 1422 981 1471 Ἀρχίλοχον
1002 1418 1227 1466 πεπάτηκας·
1269 1422 1316 1463 ὡς
1345 1419 1376 1456 εἶ
1399 1434 1453 1461 τις
1482 1418 1572 1455 εἴποι

175 1495 343 1544 σκόρπιον
379 1490 402 1538 ἢ
428 1491 514 1537 ὅφιν
548 1491 573 1538 ἦ
606 1492 714 1536 κακὴν
743 1489 918 1528 ἄκανθαν.
972 1491 1070 1524 Item
1096 1488 1329 1536 Diogenian.
1355 1487 1398 1522 C.
1418 1488 1490 1526 ΙΙΙ,
1514 1492 1572 1533 95.

176 1560 248 1596 ubi
271 1573 343 1609 pro
374 1562 498 1603 πατεῖς
529 1557 628 1593 male
658 1557 801 1607 legitur
822 1557 970 1607 πάτρις,
1003 1567 1042 1591 et
1063 1555 1240 1605 Apostol.
1273 1555 1381 1591 Ceut.
1405 1555 1481 1593 1V,
1516 1560 1574 1595 52.

173 1628 282 1664 Adde
314 1632 459 1667 Erasm,
495 1627 597 1665 Chil.
626 1628 679 1663 ΙΙ.
720 1626 827 1662 Ceut.
857 1628 919 1666 ΙΙ,
952 1632 1012 1669 58.
1045 1634 1085 1660 et
1110 1623 1212 1664 Chil.
1240 1625 1311 1659 111.
1352 1622 1398 1657 C.
1420 1622 1480 1661 X,
1514 1633 1573 1668 90.

175 1696 237 1733 Ad
263 1694 518 1744 proverbiales
548 1694 764 1730 locutiones
792 1693 907 1728 etiam
932 1692 1253 1728 referendmn·est
1277 1688 1378 1725 illud
1392 1688 1574 1725 Aristidis

177 1764 224 1801 Τ.
239 1765 289 1799 11.
313 1777 353 1811 Ρ.
369 1772 450 1807 307.
472 1761 707 1812 Ἀρχιλόχου
734 1763 907 1807 πίθηκοι,
942 1761 1024 1796 sive
1043 1760 1088 1796 de
1114 1756 1445 1796 conviciatoribus
1462 1755 1575 1791 intel-

176 1831 274 1880 ligas
295 1828 575 1867 Archilochum
600 1828 865 1870 imitantibus,
897 1829 980 1864 sive
999 1827 1126 1864 fabula
1146 1826 1376 1864 Archilochi
1398 1824 1574 1873 respicia-

94 1922 106 1932 ,
177 1909 244 1937 tur
276 1897 321 1935 ‹le
348 1898 467 1934 simio
492 1907 529 1934 et
554 1896 671 1946 vulpe
694 1897 739 1931 iu
761 1896 894 1946 epodis
916 1906 1078 1934 narrata.
1101 1894 1183 1931 vid.
1208 1893 1344 1942 fragm.
1366 1893 1423 1929 60.
1470 1892 1574 1926 Hinc

177 1966 303 2002 edicta
330 1964 662 2005 Archilochia
694 1964 794 2013 apud
814 1965 987 2001 Ciceron.
1010 1965 1056 1999 L.
1076 1965 1128 2002 11.
1162 1962 1273 2011 epist.
1304 1961 1492 2005 ad‚Attie.
1512 1969 1573 1994 21.

178 2036 313 2083 Itaque
333 2032 582 2070 Archilochia
605 2033 648 2068 in
666 2031 780 2069 illum
798 2032 918 2070 edicta
933 2030 1070 2069 Bibuli
1086 2029 1232 2081 populo
1255 2031 1310 2065 ita
1332 2039 1421 2066 sunt
1439 2028 1574 2063 iucun-

176 2102 246 2142 da,
275 2112 320 2137 ut
342 2113 431 2137 eum
455 2101 609 2142 locum,
633 2100 703 2136 ubi
720 2105 1008 2152 proponuntur,
1035 2111 1124 2147 prae
1151 2097 1402 2133 multitudine
1426 2107 1572 2137 eorum,

177 2170 246 2218 qui
269 2169 423 2218 legunt,
450 2169 610 2205 transire
632 2180 879 2217 nequeamus:
904 2167 981 2217 ipsi
1004 2167 1059 2201 ita
1082 2164 1230 2205 acerba,
1259 2176 1302 2201 ut
1326 2165 1486 2200 tabescat
1506 2163 1572 2199 do-

175 2236 270 2277 lore.
307 2238 359 2272 Et
390 2238 436 2273 L.
455 2240 506 2276 11.
536 2235 742 2286 epistol.
763 2245 820 2271 20.
854 2224 1065 2270 ibidemz
1104 2233 1275 2268 Comitia
1292 2231 1456 2268 Bibulus
1481 2245 1571 2267 cum

176 2303 429 2342 Archilochio
448 2304 574 2339 edicto
594 2305 635 2339 in
659 2314 743 2340 ante
763 2303 865 2337 diem
886 2303 962 2341 XV
977 2301 1149 2337 calendas
1167 2299 1383 2336 Novembr.
1409 2299 1568 2336 distulit.

176 2373 259 2410 vid.
284 2374 431 2409 Erasm.
462 2372 567 2409 Chil.
588 2375 639 2408 Π.
665 2372 773 2407 Ceut.
790 2374 852 2410 11,
878 2376 935 2413 57.
968 2367 1192 2404 Plutarchus
1216 2379 1310 2402 vero
1335 2367 1380 2403 de
1405 2367 1466 2403 his
1492 2366 1569 2401 edi-

177 2440 248 2475 ctis
271 2440 315 2474 in
338 2440 511 2488 Pompei.
532 2453 572 2489 Ρ.
592 2439 673 2482 644.
707 2439 841 2486 Βίβλος
864 2439 928 2482 μὲν
955 2437 1003 2481 εἷς
1026 2438 1090 2483 τὴν
1115 2436 1228 2474 οἰκίαν
1250 2434 1570 2481 κατακλεισάμενος

178 2511 270 2544 ὀκτὼ
296 2513 413 2555 μηνῶν
455 2508 496 2545 02}
528 2512 706 2557 προῆλθεν
730 2505 930 2548 ὑπατεύων,
964 2505 1044 2542 ἀλλ’
1078 2505 1276 2551 ἐξέπεμψεν
1308 2502 1569 2552 διαγράμματα

178 2578 413 2623 βλασφημίας
433 2577 573 2622 ἀμφοῖν
598 2574 735 2624 ἔχοντα
759 2575 818 2612 καὶ
837 2572 1067 2623 κατηγορίας.
1111 2573 1173 2608 De
1189 2571 1333 2608 Bibulo
1352 2570 1432 2606 vid.
1452 2569 1569 2603 etiam

178 2645 336 2681 Sueton.
358 2644 401 2678 in
424 2643 498 2680 Iul.
523 2643 627 2679 Caes.
656 2644 698 2683 C.
718 2653 764 2678 20
787 2653 825 2678 et
847 2648 907 2691 49.

267 2713 321 2754 n)
358 2711 593 2748 Athenae.
616 2713 664 2747 L.
680 2712 748 2748 IV.
775 2723 814 2759 Ρ.
833 2710 914 2753 644.
940 2711 986 2746 B.
1006 2710 1048 2746 C.
1082 2709 1173 2744 citat
1196 2706 1366 2744 Alexidis
1399 2703 1566 2741 fabulam

175 2782 401 2828 Ἀρχίλοχος
442 2778 676 2821 inscriptam.
742 2779 802 2813 De
835 2776 959 2812 fabula
993 2776 1143 2812 Cratini
1165 2775 1408 2824 Ἀρχίλοχοι,
1451 2785 1566 2822 quam
