1846 3308
722 268 1098 317 ...181-

205 394 385 451 .νικῆσας
413 395 646 454 Δήμητρος
671 391 832 451 ὕμνον,
864 392 1014 449 ἐαυτῷ
1040 393 1175 436 τοῦτο
1206 393 1599 451 ἐπιπεφωνηκέναι.

208 477 310 516 de.
350 487 394 516 et
427 476 606 515 Suidam
643 490 682 515 v.
719 469 945 526 Τήνελλα·
1007 475 1185 515 Tzetzes
1224 486 1368 515 autern
1403 476 1602 517 Archilo-

211 549 339 589 chum
381 549 485 589 ideo
520 548 606 589 hoc
651 551 773 602 quasi
816 546 1046 599 praeludio
1091 547 1160 586 vel
1198 547 1432 601 ephymnio
1473 565 1601 589 usum

208 636 302 664 esse
321 621 482 670 scribit,
503 624 606 674 quia
628 619 786 659 chorda
808 619 997 659 citharae
1016 630 1141 671 rupta
1161 631 1266 667 erat,
1287 621 1395 660 Chil.
1409 622 1440 660 Ι.
1459 637 1497 661 ν.
1510 624 1599 669 685.

317 695 404 746 “.Ω.ς
430 694 566 738 τοῦτο
594 693 675 736 τοῦ
704 692 874 750 Παρίου
906 692 951 734 δὲ
976 691 1056 736 τοῦ
1087 692 1372 750 ’Δρχιλόχου
1399 693 1549 751 μέλος,

314 775 388 815 Ἐν
418 764 535 831 ᾇπερ
564 770 639 814 καὶ
671 771 917 827 νενίκηκεν,
947 765 1057 827 ᾅσας
1084 770 1127 813 ἐν
1157 769 1403 828 Ὀλυμπίᾳ,

316 850 453 904 Μόνῳ
485 850 551 903 τῷ
578 850 738 906 ςόματι
766 848 949 896 λαλῶν,
979 845 1035 898 ὡς
1062 849 1136 903 τῆς
1164 847 1325 904 χορδῆς
1355 847 1572 905 κοπείσης,

305 924 447 986 ’Ὅπερ
480 925 554 969 καὶ
586 926 797 985 Πίνδαρός
826 928 937 982 φησι
968 924 1129 969 τοῦτον
1158 922 1530 984 ὑπερθαυμάζων.

314 1003 381 1047 Τὸ
410 1003 545 1061 μέλος
575 1001 711 1048 ἇίκουε
741 1003 898 1048 λοιπὸν
928 998 1068 1047 αὐτοῦ
1101 1003 1183 1047 τοῦ
1210 1003 1517 1062 Ἀρχιλόχου·

311 1081 553 1136 Τήνελλα·
594 1081 829 1126 καλλίνικε
859 1098 900 1125 κ.
930 1099 971 1125 τ.
1003 1080 1048 1123 λ.
1389 1111 1392 1113 -

307 1157 647 1204 Καλλίνικε.
720 1163 894 1204 Aristid.
931 1166 980 1202 in
1015 1163 1191 1202 Hercul.
1228 1163 1280 1202 Τ.
1310 1163 1342 1203 Ι.
1380 1179 1424 1217 p.
1452 1168 1516 1216 54.
1546 1161 1602 1203 Αἱ

201 1239 350 1284 τοίνυν
396 1237 663 1295 ἐπωνυμίαι,
714 1235 1054 1287 καλλίνικός
1101 1252 1152 1280 τε
1198 1235 1273 1279 καὶ
1318 1232 1601 1291 ἀλεξίκακος,

201 1317 229 1376 ἦ
278 1318 374 1374 μὲν
425 1314 570 1372 μόνῳ
615 1315 785 1364 θεῶν,
833 1312 858 1371 ἧ
908 1313 943 1358 δ’
983 1313 1026 1358 ἐν
1067 1315 1160 1367 τοὶς
1194 1313 1383 1373 πρώτοις
1419 1315 1601 1359 δίδοται.

201 1396 288 1437 vid.
315 1395 378 1435 ibi
404 1393 525 1434 Iebb.
552 1395 600 1432 in
626 1402 719 1432 not.

292 1478 463 1534 Ἀναξ
490 1480 804 1539 Ἡράκλεες.
830 1487 916 1527 vid.
934 1487 1085 1542 fragm.
1104 1491 1144 1540 4.
1173 1489 1303 1528 Hunc
1318 1487 1461 1528 locum
1482 1489 1599 1529 forte

201 1566 412 1618 spectavit
437 1564 653 1606 Plutarch.
680 1565 735 1605 T.
760 1566 838 1607 IX.
865 1580 910 1619 p.
936 1570 1028 1618 404.
1062 1560 1159 1620 περὶ
1192 1562 1269 1618 τῆς
1296 1565 1487 1619 κακοηθ.
1514 1561 1598 1606 τοῦ

198 1638 464 1697 Ἡροδότουε
496 1638 641 1682 καίτοι
668 1639 758 1681 τῶν
787 1637 994 1682 παλαιῶν
1023 1640 1098 1682 καὶ
1128 1638 1293 1697 λογίων
1316 1638 1482 1696 ἀνδρῶν
1504 1634 1600 1696 οὐχ

193 1714 403 1774 ”Ομηρος,
431 1709 524 1775 οὐχ
549 1716 761 1769 Ἡσίοδος,
792 1712 893 1760 οὐκ
927 1715 1246 1775 Ἀρχίλοχο
1259 1734 1300 1769 ς,
1330 1710 1381 1761 οὗ
1413 1717 1597 1760 Πείσαν-

202 1793 322 1853 δρος.
353 1788 403 1837 οὗ
431 1796 736 1853 Στησίχορος,
768 1793 850 1839 οὐκ
877 1793 1108 1853 Ἀλκμὰν,
1146 1790 1197 1839 οὗ
1222 1794 1433 1853 Πίνδαρος
1464 1795 1596 1851 Δίγυ-

200 1872 334 1915 πτίου
355 1870 490 1928 ἔσχον
512 1872 650 1930 λόγον
678 1870 1027 1930 “Ηρακλέους
1057 1870 1086 1929 ἧ
1108 1873 1328 1925 Φοίνικος,
1364 1872 1490 1914 ἀλλὰ
1518 1870 1597 1915 ἕνα

199 1948 361 1992 τοῦτον
383 1946 500 1992 ἴσασι
525 1948 683 2004 πάντες
702 1948 932 2007 Ἡρακλέα
954 1950 1031 1993 τὸν
1052 1950 1264 1994 Βοιώτιον
1286 1950 1361 1992 καὶ
1382 1950 1594 2008 ’Δργεῖον.

300 2043 363 2081 Ex
397 2041 462 2081 his
499 2052 726 2083 auctorum
773 2042 881 2082 locis
919 2043 975 2082 ad
1010 2042 1217 2096 hymnum
1252 2042 1502 2082 Archilochi
1545 2045 1595 2082 in.

199 2116 436 2155 Herculem
461 2115 770 2170 spectantibus,
800 2114 956 2169 quibus
983 2115 1128 2168 plures
1155 2119 1223 2155 vix
1248 2117 1459 2163 invenias,
1487 2117 1590 2161 iam,

201 2188 358 2237 credo,
386 2192 485 2228 satis
513 2198 694 2241 apparet
721 2199 765 2228 et
800 2189 985 2228 iudicari
1011 2197 1178 2240 potest,
1214 2187 1322 2241 quid
1347 2200 1496 2225 verum
1523 2186 1593 2225 vcl

201 2264 305 2300 citra
350 2275 499 2300 verum
542 2264 596 2300 sit
642 2271 896 2301 exornatum
945 2260 998 2300 ab
1036 2271 1214 2300 auctore
1261 2260 1589 2307 dissertationis,

201 2346 314 2384 quae
349 2337 510 2374 inserta
556 2344 620 2373 est
653 2328 952 2373 Bibliothecae
995 2333 1311 2387 elegantiorum
1346 2335 1501 2372 artium
1548 2341 1592 2370 et

199 2403 438 2444 litterarum
472 2407 524 2445 T.
554 2412 617 2457 47.
627 2434 643 2455 ,
692 2416 735 2457 et
765 2405 1037 2445 inscribitur:
1092 2406 1230 2446 Ueber
1264 2405 1352 2444 deu
1387 2404 1589 2450 Antheil‚

200 2477 386 2516 welchen
436 2478 510 2518 die
557 2479 775 2519 Griechen
817 2493 881 2517 an
924 2478 1012 2517 den.
1061 2478 1368 2531 Olympischen
1414 2476 1590 2528 Spielen

201 2548 415 2598 nahmen,
457 2550 534 2590 ubi
569 2566 613 2604 p.
647 2557 707 2603 24.
746 2551 801 2590 de
835 2550 1106 2594 Archilocho.
1136 2550 1352 2603 huiusque
1390 2550 1589 2588 carminis

205 2618 428 2660 effectibus
455 2622 674 2676 loquitur,
711 2638 819 2676 quos
848 2627 907 2663 ita
935 2622 1164 2663 describit:
1208 2622 1336 2662 Noch
1362 2619 1590 2659 ehrwiirdi·

200 2706 279 2742 ger
312 2692 417 2732 wird
448 2693 522 2734 die
554 2698 944 2750 Zusammenlttmfc
978 2712 1030 2736 zu
1060 2696 1291 2747 Olympia,
1327 2707 1447 2731 wenn
1481 2706 1589 2730 man

203 2766 313 2814 liesc,
339 2767 414 2805 wie
431 2767 722 2807 Archilochus
743 2770 835 2808 sich
857 2769 995 2807 durch
1019 2770 1082 2806 sie
1108 2768 1186 2805 mic
1212 2780 1330 2817 ganz
1354 2765 1589 2805 Gn‘echen-
