1846 3308
825 307 891 316 -
965 298 1057 328 112
1128 311 1195 318 ·-

892 419 1114 466 XXXIII.

379 511 455 563 Οὐ
507 513 677 579 φιλέω
724 512 881 581 μέγαν
928 519 1211 588 ςρατηγὸν,
1275 520 1400 573 οὐδὲ
1446 524 1704 578 διαπεπλι-

1037 610 1237 674 γμένον,

377 691 515 744 Οὐδὲ
556 694 878 766 βοςρὺχοισι
909 698 1136 768 γαῦρον,
1170 700 1282 751 οὐδ’
1311 700 1701 776 ὑπεξυρημένον.

374 784 536 833 Ἀλλά
559 802 646 848 μοι
672 789 852 854 μικρός
875 802 947 846 τις
972 789 1067 849 εἴη,
1105 790 1192 839 καὶ
1216 793 1329 863 περὶ
1363 795 1551 857 κνήμας
1584 797 1700 847 ἰδεῖν

368 876 588 934 Ῥοικὸς,
635 873 1197 941 ἀσφαλέωςνβεβηκώς
1243 885 1434 945 ποσσὶ,
1482 888 1700 958 καρδίας

1031 969 1200 1030 πλέως

371 1053 473 1105 Καί
508 1053 831 1121 ἐπινοήμασιν
866 1056 1043 1118 δασύς.

368 1250 491 1293 Non
521 1245 699 1292 ducem
722 1261 964 1310 magnum
993 1247 1249 1311 graduque
1281 1248 1534 1298 saltitante
1567 1268 1696 1300 ama-

1015 1337 1173 1384 verim

366 1431 472 1473 Nec
494 1426 649 1473 comis
671 1426 1063 1488 superbientem,
1102 1427 1281 1490 cuique
1301 1428 1452 1477 barba
1474 1447 1580 1478 rasa
1604 1432 1696 1489 sit3

369 1517 463 1564 Sed
485 1516 609 1562 mihi
640 1517 706 1564 sit
735 1517 823 1563 ille
841 1533 1023 1579 parvus
1055 1528 1293 1580 stansque
1314 1521 1443 1567 varis
1469 1523 1692 1570 cruribus

367 1606 584 1654 Pedibus
615 1605 953 1670 insistensque
984 1606 1165 1665 firmis,
1202 1610 1383 1671 plenus
1409 1609 1693 1659 animorum

1011 1697 1178 1755 simul,

365 1790 431 1834 Et
464 1786 625 1851 sagaci
659 1798 829 1833 mente
862 1787 1062 1850 pollens
1113 1815 1183 1824 -—
1216 1816 1283 1823 --
1319 1817 1383 1824 --

371 1966 543 2006 (Brunck
573 1967 676 1996 Anal.
709 1968 745 1996 T.
766 1968 794 1995 Ι.
824 1976 857 2004 p.
877 1970 926 2004 41.
948 1965 991 1996 fr.
1010 1976 1038 2005 9.
1065 1968 1186 1997 Iacobs
1207 1969 1285 1997 Vol.
1306 1970 1332 1997 1.
1357 1970 1392 1996 P.
1415 1969 1442 1997 1.
1466 1978 1498 2006 p.
1520 1970 1610 2008 155.)

393 2027 586 2066 Galenus
615 2027 665 2065 T.
686 2027 739 2065 V.
768 2040 811 2078 p.
834 2028 909 2073 613
945 2038 987 2066 et
1012 2029 1100 2074 650.
1160 2028 1248 2067 Dio
1277 2026 1493 2082 Chrysost.
1532 2042 1576 2080 p.
1596 2036 1684 2081 399.

290 2098 434 2139 Schol.
458 2099 679 2144 Theocrit,
707 2100 763 2139 ad
787 2100 911 2155 Idyll.
931 2100 1014 2148 IVV,
1041 2103 1104 2152 49.
1157 2099 1332 2138 Brunck
1360 2098 1438 2139 hos
1466 2114 1610 2139 versus
1639 2104 1686 2140 in

292 2171 497 2211 dimetros
526 2172 767 2212 trochaicos
795 2174 1053 2225 dispescuit,
1091 2186 1184 2211 11011
1217 2182 1362 2211 tamen
1390 2172 1556 2225 ubique
1586 2177 1684 2213 satis

291 2255 527 2284 accuratos.
578 2245 730 2284 Iacobs
752 2256 1022 2285 tetrametros
1049 2247 1257 2292 restituit,
1284 2246 1333 2283 in
1360 2258 1469 2297 quos
1497 2248 1608 2293 iam,
1637 2256 1685 2285 ut

287 2320 381 2369 ipse
411 2327 553 2365 notat,
582 2319 636 2356 D.
668 2319 870 2358 Heinsius
911 2322 957 2357 in
994 2318 1190 2356 Lection.
1232 2316 1452 2357 Theocrit.
1498 2318 1545 2357 C.
1568 2319 1682 2358 VIII.

287 2404 331 2443 p.
348 2398 436 2437 323.
458 2400 501 2428 et
522 2390 782 2429 Valckenar.
811 2394 858 2430 in
878 2390 1076 2429 DiatrIbe
1095 2404 1138 2442 p.
1159 2395 1246 2436 253.
1265 2390 1312 2427 B.
1343 2403 1416 2429 eos
1440 2391 1622 2444 redegit.

387 2467 440 2506 V.
466 2481 498 2506 1.
538 2462 1067 2520 Διαπεπλιγμένον.
1121 2468 1274 2507 Galen.
1295 2468 1348 2506 Τ.
1364 2467 1417 2506 V.
1437 2469 1525 2515 650.
1550 2468 1682 2508 habet

286 2539 663 2598 διαπεπηγμένον,
691 2546 779 2585 Dio
817 2544 963 2600 Chrys.
1001 2540 1392 2598 διαπεπλεγμένον.
1453 2545 1583 2584 Unde
1627 2546 1678 2584 T.

285 2621 529 2661 Hemsterh.
580 2625 742 2674 primus
787 2622 845 2660 ad.
894 2621 1159 2677 Hesychium
1210 2636 1303 2662 voc.
1351 2618 1677 2675 διαπεπλίχθαι

283 2705 469 2741 restituit
496 2695 893 2751 διαπεπλιγμένον,
924 2700 976 2739 Τ.
995 2700 1027 2738 Ι.
1051 2714 1092 2753 p.
1112 2706 1200 2752 959.
1229 2695 1575 2753 Διαπεπλίχθαι
1604 2713 1678 2738 au-

283 2787 371 2815 tem
403 2787 466 2816 est
494 2780 611 2816 iuxta
634 2775 897 2831 Hesychium
924 2771 1207 2831 διηλλάχθαι
1235 2774 1294 2817 τὰ
1322 2772 1460 2829 σκέλη
1490 2773 1563 2815 καὶ
1591 2771 1676 2815 δια-
