1846 3308
809 315 877 327 --
935 296 1046 338 206
1116 319 1183 326 —-

405 428 683 469 Herodianus
702 420 796 480 περὶ
825 421 1075 480 σχημάτων
1107 429 1155 466 in
1178 427 1387 467 Anecdot.
1421 433 1582 481 graecis
1600 430 1693 470 Vil-

300 508 479 547 loisonii
505 506 556 544 Τ.
576 504 629 545 Π.
659 518 702 557 p.
728 511 791 556 93.
823 519 858 544 c.
888 498 984 558 περὶ
1014 499 1330 543 πολυπτὼτου.
1357 524 1411 533 -
1434 496 1533 554 ’Έςι
1564 502 1607 545 δὲ
1637 503 1689 546 τὸ

301 579 479 623 τοιοῦτο
519 578 679 635 σχῆμα
717 576 790 620 καὶ
829 576 950 634 παρά
986 592 1073 621 τισι
1113 578 1203 620 τῶν
1233 578 1451 635 ποιητῶν,
1496 578 1553 630 ὡς
1589 586 1689 638 παρ’

299 655 564 714 Ἀρχιλόχῳ
597 653 670 698 καὶ
698 654 990 714 Ἀνακρέοντι.
1029 654 1104 698 καὶ
1139 655 1261 713 παρὰ
1288 655 1687 715 μὲνῖΔρχιλόχῳ·

299 735 395 779 Νῦν
423 734 503 792 μὲν
531 735 580 774 A·
613 748 654 776 κ.
685 749 726 776 τ.
761 731 806 774 λ.

389 852 622 913 ’Άρχειν
659 870 702 900 et
735 855 966 912 κρατεῖν
1004 860 1060 900 de
1104 861 1329 909 formosis,
1373 866 1429 900 ut'
1455 861 1688 902 Anacreon

299 941 355 979 de
381 938 579 993 Bathyllo
609 937 694 977 Od.
712 937 791 976 IX.
827 931 904 976 τὸν
934 928 1035 991 σ’ἶρτι
1063 933 1155 977 τῶν
1183 934 1392 978 ἁπάντων
1420 934 1686 992 Κρατοῦντος

298 1014 373 1057 καὶ
401 1012 627 1071 τύραννον.

927 1330 1053 1375 XCI.

515 1432 785 1505 Προτείνω
821 1430 981 1506 χεῖρα
1016 1433 1107 1484 καί
1141 1435 1481 1506 προΐσσομαι.

513 1623 748 1672 Extendo
780 1638 990 1671 manum
1025 1634 1074 1670 et
1108 1623 1327 1688 porrigo.

386 1811 606 1852 Scholiast.
624 1812 840 1866 Aristoph.
866 1809 980 1852 Ἱππ.
1007 1828 1045 1854 v.
1064 1818 1153 1865 453.
1175 1812 1231 1852 ad
1252 1826 1345 1852 voc.
1375 1803 1678 1868 καταπροΐξει,

288 1890 366 1930 ubi
386 1890 470 1929 hoc
488 1889 622 1930 verbo
652 1894 833 1944 eiusque
863 1894 1033 1946 origine
1061 1891 1270 1943 explicata
1302 1890 1444 1931 addit:
1470 1886 1678 1943 “Ηρωδια-

290 1963 360 2015 νὸς
387 1963 431 2006 δὲ
459 1963 502 2006 ἐν
528 1962 859 2020 Ἐπιμερισμοῖς
885 1963 1005 2023 παρὰ
1029 1963 1079 2007 τὸ
1108 1962 1213 2007 ῗσσω
1244 1964 1370 2020 φησί.
1398 1969 1461 2019 (ut
1476 1971 1678 2007 nimirum

286 2048 342 2085 sit
389 2049 512 2099 quasi
545 2044 976 2099 καταπροΐσσομαι.)
1015 2042 1089 2084 καὶ
1118 2042 1416 2100 Ἀρχίλοχος·
1455 2040 1676 2100 Προτείνω

286 2133 340 2174 χ.
387 2132 428 2160 κ.
465 2134 537 2176 πρ.
610 2122 756 2164 Habet
799 2123 885 2164 hoc
930 2124 1222 2178 fragmentum
1265 2128 1396 2165 etiam
1437 2123 1590 2163 Suidas
1637 2136 1674 2162 v.

286 2189 636 2251 καταπροΐξεται
684 2215 735 2240 ex
779 2201 924 2242 Schol.
968 2207 1177 2256 petitum:
1231 2214 1275 2243 et
1309 2203 1489 2258 Etymol.
1530 2203 1592 2241 M.
1635 2215 1674 2240 v.

284 2273 505 2332 προίκτης.
573 2280 732 2319 Versus
767 2281 939 2320 videtur
973 2282 1105 2320 fuisse
1138 2284 1356 2328 senarius,
1410 2282 1478 2318 cui
1512 2282 1674 2331 primus

283 2363 361 2401 pes
390 2350 536 2398 deest,
575 2352 645 2390 vel
672 2362 920 2392 tetrameter
945 2352 1213 2404 trochaicus,
1252 2355 1322 2392 cui
1349 2351 1402 2391 ab
1429 2354 1555 2391 initio
1583 2351 1673 2391 duo

282 2422 417 2475 pedes
445 2433 488 2462 et.
512 2423 678 2477 syllaba
706 2424 878 2464 desunt.

383 2540 769 2599 Προΐσσομαι,
809 2545 927 2585 idem
960 2546 1140 2586 verbum
1177 2556 1222 2586 et
1257 2546 1444 2586 eandem
1477 2548 1563 2587 vim
1597 2545 1674 2587 ha·

283 2621 389 2661 bere
426 2622 620 2671 videtur,
672 2636 726 2662 ac
760 2623 1061 2676 προΐσχομαι;
1113 2625 1234 2664 unde
1269 2626 1500 2679 Sopingius
1538 2623 1595 2663 ad
1625 2623 1674 2663 id

282 2697 486 2752 Hesychii
521 2698 706 2752 glossam
741 2700 860 2740 illam
894 2702 1049 2742 refert:
1095 2698 1460 2756 Προΐσχομένου·
1504 2696 1674 2755 προτεί·

281 2785 429 2823 vove-05
458 2772 604 2831 χεῖρα.
