1846 3308
698 319 768 328 ..—
840 311 861 340 1
869 302 934 352 57
1002 318 1073 327 .-

183 430 315 489 quam
342 436 521 475 Tzetzes
549 431 665 474 inter
691 432 775 472 alia
807 432 986 483 exponit
1012 420 1148 482 ἄρτον
1184 449 1241 459 -
1275 418 1577 482 ‘filans-'sort‘-

182 508 427 567 φυρμὲνον.
487 511 576 551 Sed
604 509 776 550 videtur
808 520 915 547 sane
942 501 1066 560 μάζα
1091 507 1211 546 aliud
1248 507 1579 562 antiquioribus,

183 587 305 628 aliud
321 583 635 640 posterioribus
658 580 924 634 temporibus
940 580 1088 629 fuisse,
1114 580 1309 634 ideoque
1327 585 1441 621 varie
1462 573 1581 634 apud

174 674 383 704 ‘auctores
402 665 561 715 exponi
581 671 625 701 et
639 658 838 712 intelligi.
884 657 923 696 A
943 670 1078 710 pane,
1106 649 1251 711 ἄρτῳ,
1285 669 1400 698 certe
1428 658 1583 698 distin-

186 753 298 782 ctam
325 742 459 781 fuisse
480 730 628 791 μάζαν
656 719 963 790 ερῃᾶνεῑετεε
982 736 1260 775 manifestum
1280 745 1355 775 est.
1416 736 1584 775 Aristo-

183 817 317 872 phau.
341 810 554 868 Ἐκκλησ.
579 828 620 855 v.
647 815 735 854 602.
755 806 968 866 Ἄρτους,
1020 805 1229 866 τεμάχη,
1282 806 1440 866 μάζας.
1475 817 1582 853 item

182 886 360 935 Πλούτ.
395 907 435 934 v.
470 905 556 945 192.
594 891 673 931 ubi
707 889 842 930 schol.
880 885 1129 944 διενήνοχεν
1166 883 1298 945 ἅρτος
1325 885 1400 929 καὶ
1439 886 1582 944 μάζα,

182 965 255 1015 ὅτι
284 967 307 1012 ὁ
333 967 413 1026 μὲν
445 960 575 1025 ἄρτος
605 961 744 1008 πάλιν
762 962 1077 1022 μεμὰλακται,
1115 961 1140 1020 ἦ
1171 963 1216 1006 δὲ
1244 961 1368 1023 μάζα
1396 963 1472 1008 νῦν
1503 962 1581 1006 καὶ

181 1044 346 1106 πρῶηνζ
383 1061 497 1103 quae
522 1047 657 1100 plane
691 1059 786 1085 non
823 1045 1104 1084 satisfaciunt.
1165 1045 1305 1084 Etiam
1332 1059 1372 1083 v.
1391 1051 1480 1092 352.
1509 1036 1581 1083 Οὐ

180 1124 268 1181 γὰρ
307 1120 509 1178 ἐθελήσει
539 1121 705 1177 φαγεῖν
741 1114 856 1161 Οὔτ·
893 1114 1028 1176 ἄρτον
1066 1113 1173 1160 οὔτε
1211 1116 1374 1175 μάζαν.
1435 1107 1583 1178 Lysias

182 1217 333 1247 contra
360 1203 578 1245 Andocid.
612 1195 763 1255 ’Ὄζειν
792 1195 929 1240 ἐδόκει
958 1196 1038 1240 τοῦ
1064 1192 1203 1252 ἄρτου
1231 1193 1305 1237 καὶ
1335 1196 1412 1251 τῆς
1440 1196 1586 1255 μάζης

182 1281 364 1333 κὰκιςον
410 1277 484 1320 καὶ
532 1269 616 1319 οὒκ
661 1270 843 1318 ἐδύνατο
892 1274 1066 1317 ἐσθίειν.
1125 1275 1253 1316 Adde
1290 1275 1581 1329 Xenophont.

184 1363 343 1416 Cyrop.
363 1359 455 1398 L.1.
478 1372 514 1397 c.
532 1371 572 1407 2,
602 1371 662 1396 11.
714 1355 846 1395 Unde
865 1359 964 1394 satis
985 1364 1176 1408 apparet,
1205 1344 1340 1404 ἄρτον
1360 1362 1403 1392 et
1419 1350 1583 1408 μάζαν,

186 1443 317 1487 quam
328 1433 535 1471 Kiisterus
552 1430 785 1470 tui-undam
804 1433 1127 1481 interpretatur,
1155 1440 1247 1466 non
1264 1427 1396 1466 fuisse
1412 1428 1581 1469 eadem.

185 1507 362 1559 Optime
400 1518 502 1544 vero
544 1503 658 1543 hanc
693 1517 787 1543 rem
823 1501 1076 1541 dilucidavit
1109 1498 1325 1538 Marsilius
1358 1501 1583 1554 Cagnatus

182 1579 350 1618 Variar.
372 1577 596 1617 Observat.
616 1577 664 1615 L.
685 1576 719 1615 Ι.
741 1589 777 1614 c.
797 1588 861 1628 29,
889 1574 966 1613 ubi
986 1576 1222 1626 praecipue
1245 1587 1295 1612 ex
1311 1574 1581 1626 Hippocrate

183 1657 393 1699 ostendit.
421 1646 557 1708 ἄρτον
582 1664 625 1694 et
643 1647 791 1707 μάζαν
813 1652 980 1704 ubique
999 1650 1231 1702 distingui,
1261 1660 1305 1689 et
1321 1653 1381 1689 ita
1401 1652 1580 1703 quidem

184 1732 385 1780 differre,
413 1742 462 1771 ut
479 1735 628 1784 panis,
656 1723 815 1784 ἄρτος,
838 1744 863 1769 e
887 1730 1049 1775 tritico,
1075 1720 1198 1779 μάζα
1219 1739 1321 1765 vero
1346 1740 1396 1766 ex
1415 1726 1580 1768 hordeo

185 1805 484 1846 conficeretur.
544 1804 614 1843 Ad
633 1805 749 1857 quod
766 1801 1043 1856 probandum
1074 1799 1295 1838 classicum
1322 1798 1464 1838 locum
1488 1804 1579 1840 eius

184 1899 237 1924 ex
267 1882 381 1922 libro
419 1882 475 1920 de
508 1884 645 1920 veteri
672 1880 889 1919 medicina
918 1877 1035 1916 hunc
1062 1876 1224 1915 adfert:
1259 1872 1340 1913 Ἐκ
1381 1872 1461 1925 μὲν
1500 1864 1581 1916 οὖν

182 1957 276 2000 τῶν
305 1955 456 2011 πυρῶν
473 1948 713 2010 βρέξαντες
741 1951 815 1995 καὶ
844 1951 1092 2000 πτίσαντες,
1130 1948 1204 1991 καὶ
1234 1948 1579 2003 καταλέσαντες,

182 2034 258 2077 καὶ
289 2032 568 2087 διασήσαντες
604 2030 679 2073 καὶ
709 2024 990 2088 φυρὺξαντες
1026 2025 1100 2069 καὶ
1131 2025 1400 2082 ὀπτήσαντες
1427 2028 1580 2072 ἂπετὲ·

182 2112 319 2156 λε’σαν
350 2107 512 2168 ἄρτον,
561 2108 610 2151 ἐκ
641 2108 686 2152 δέ
716 2124 769 2165 γε
798 2107 888 2150 τῶν
917 2105 1085 2164 κριθῶν
1114 2101 1274 2162 μάζαν.
1330 2108 1467 2160 >Apud
1498 2120 1580 2160 po-

182 2197 382 2235 steriores
410 2204 514 2231 vero
536 2193 766 2242 scriptores
796 2186 1058 2228 vocabulum
1086 2180 1209 2239 μὰζα
1240 2185 1364 2225 aliter
1381 2188 1581 2239 usurpari

184 2276 388 2320 coeptum
407 2273 484 2303 est.
548 2263 752 2302 Ceterum
778 2276 899 2301 maza
925 2264 1041 2300 inter
1069 2259 1240 2299 viliores
1272 2269 1316 2297 et
1342 2258 1578 2311 populares

185 2339 304 2379 cibos
325 2348 441 2385 erat,
476 2339 541 2376 uti
569 2350 620 2376 ex
644 2333 935 2387 Aristophane
965 2337 1011 2372 in
1038 2323 1167 2372 Pluto
1194 2332 1471 2371 manifestum
1502 2341 1578 2378 est,

184 2410 262 2450 ubi
273 2411 400 2450 Cario
416 2423 581 2448 mazam
600 2411 714 2447 inter
732 2407 852 2447 cibos
870 2420 1093 2446 servorum
1115 2414 1439 2445 commemorat.
1475 2403 1578 2442 Vid.

185 2483 346 2522 Marsil.
367 2483 545 2537 Cagnat.
564 2482 594 2521 l.
615 2495 651 2520 c.

290 2550 456 2605 Οἶνος
500 2552 826 2613 Ἰσμαρικός.
888 2558 1008 2598 Suid.
1047 2557 1128 2597 hac
1163 2571 1258 2597 voe.
1286 2548 1493 2606 Ἴσμαρος
1533 2547 1578 2590 δὲ

185 2631 315 2682 Ιιιιόλις
346 2630 369 2688 ἦ
401 2632 475 2675 νῦν
504 2633 743 2692 Μαρώνεια
777 2631 1011 2689 λεγομένη.
1078 2637 1142 2674 Ita
1178 2646 1356 2689 quoque
1390 2627 1577 2683 Hesych.

186 2714 430 2768 Stephanus
466 2715 641 2768 Byzant.
674 2707 906 2768 Ἴσμαρος·
941 2708 1071 2758 πόλις
1109 2708 1286 2766 Θρᾴκης
1319 2705 1410 2747 τῶν
1449 2702 1578 2744 Κικό-

186 2805 286 2834 νων.
320 2803 363 2833 et
382 2807 419 2832 v.
448 2787 706 2844 Μαρώνεια*
743 2785 869 2839 πόλις
891 2787 1097 2838 Κικονίας
1118 2786 1235 2827 κατὰ
1257 2782 1336 2837 τὴν
1359 2780 1402 2823 ἐν
1422 2779 1577 2838 Θρᾴκῃ
