1846 3308
716 323 785 334 .--
870 306 903 354 5
990 324 1058 333 ...-

185 429 274 482 §2⁸⁵3
299 429 426 470 ἑαυτοῦ
452 429 500 474 εἷς
525 432 608 475 τοὺς
622 430 801 477 Ἓλληνας
820 429 1026 477 ἐξῆνεγκιν.
1060 430 1126 468 οὐκ
1157 428 1199 468 ἓν
1228 433 1438 480 ἐπυθόμεθα
1465 436 1578 480 ἡμεῖς.

185 497 268 536 οὔτε
295 495 350 536 ὅτι
369 499 530 543 'Eut-iro&
548 499 619 542 υἱὸς
640 497 680 544 ἦν
699 506 760 546 τῆς
777 497 923 543 δούλης,
940 497 1031 547 γοῦθ*
1061 497 1115 537 ὅτι
1143 503 1346 537 καταλιπὼν
1367 502 1492 551 Πάρον
1519 505 1579 539 διὰ

184 566 303 603 πενίαν
332 568 391 603 καὶ
421 568 568 616 ἀπορίαν
599 564 708 613 ἦλθεν
738 565 786 609 εἷς
810 567 953 608 Θάσον,
987 565 1066 604 0152'
1094 563 1148 602 ὅτι
1177 568 1292 604 ἐλθὼν
1318 572 1392 612 τοῖς
1422 572 1576 609 ἐνταῦθα

183 634 319 684 ἔχθρός
338 635 497 682 ἐγένετο·
529 633 611 672 οὗτε
636 635 706 682 μὴν
734 631 789 672 ὅτι
819 635 946 682 ὁμοίως
969 636 1051 677 τοὺς
1078 635 1206 679 φίλους
1230 636 1289 671 καὶ
1311 639 1393 680 τοὺς
1418 639 1576 687 ἐχθροὲζ

183 706 300 746 κακῶς
321 701 454 750 ἔλεγεν.

801 956 843 1021 ξ.
889 961 952 1004 11.

180 1055 184 1061 “
237 1040 249 1053 ⁶
282 1056 464 1097 Constat
488 1052 800 1094 Archilochum
829 1057 916 1094 iam
951 1067 1004 1094 eo
1034 1066 1233 1108 ternpore
1262 1060 1435 1108 vixisse,
1481 1073 1569 1112 quo

181 1123 442 1170 ex'oraculo
474 1132 564 1168 eius
593 1132 706 1182 patri
735 1128 837 1168 dato
864 1127 1053 1177 Thasus,
1098 1129 1273 1169 colonia
1299 1130 1508 1180 deducta,
1546 1147 1571 1171 a

179 1203 314 1242 Pariis
338 1202 515 1243 condita
535 1212 610 1241 est.
665 1202 764 1255 Ipse
786 1205 902 1242 enim
924 1216 978 1242 eo
997 1191 1232 1256 emigravit,
1261 1203 1331 1242 vel
1352 1207 1494 1251 etiam,
1524 1189 1587 1242 ut·

178 1273 391 1315 Eusebius
411 1279 582 1323 innuit,
612 1274 714 1314 huic
736 1275 992 1315 deductioni
1009 1277 1210 1328 praefuit.
1225 1278 1267 1328 a)
1319 1276 1456 1316 Immo
1481 1277 1571 1316 col-

177 1347 315 1402 ligere
345 1363 394 1387 ex
420 1348 521 1387 loco
542 1347 722 1387 Eusebii
751 1353 913 1402 possis,
952 1363 1049 1388 cum
1076 1362 1240 1388 nomen
1260 1349 1442 1397 Aeriae,
1479 1363 1568 1402 quo

177 1420 367 1461 Thasum
390 1421 599 1470 obscure,
637 1435 759 1461 more
783 1435 888 1468 suo,
926 1421 1151 1460 oraculum
1172 1421 1418 1470 indicabat,
1455 1422 1569 1461 forte

177 1497 266 1534 iam
287 1498 581 1547 antiquatum,
619 1509 767 1548 neque
790 1504 945 1534 notum
963 1495 1120 1544 Pariis,
1151 1506 1225 1535 aut
1243 1494 1440 1548 pluribus
1460 1494 1568 1534 locIs

181 1581 428 1616 commune,
460 1568 655 1621 ideoque
675 1568 855 1607 dubium
876 1569 1060 1619 esset,b)
1096 1582 1227 1621 quem
1247 1567 1394 1607 locum
1415 1581 1570 1607 oracu-

176 1640 268 1680 lum
288 1641 556 1695 designaret:
584 1640 893 1681 Archilochum
912 1640 979 1680 vel
999 1644 1217 1692 aperuisse
1229 1641 1377 1689 Pariis,
1394 1641 1569 1680 Aeriam

179 1723 277 1753 esse'
297 1713 489 1753 Thasum
515 1715 724 1763 insulam,
770 1715 840 1754 vel
877 1714 925 1753 id
959 1718 1007 1753 in
1046 1714 1237 1766 quodam
1266 1716 1454 1752 carmine
1481 1716 1568 1752 iam

180 1797 308 1826 antea
336 1801 718 1836 commemorasse,
764 1798 809 1826 et
840 1787 943 1826 ideo
978 1787 1160 1826 fortasse
1197 1790 1245 1826 in
1280 1785 1567 1826 admiratione

180 1858 400 1909 habitum,
438 1864 516 1900 etsi
538 1861 886 1908 adolescentem,
923 1858 1024 1898 huic
1047 1860 1303 1899 deductioni
1327 1873 1418 1898 esse
1442 1872 1567 1910 prae-

179 1934 354 1972 fectum.
406 1932 571 1973 Thasus
584 1935 626 1986 c)
655 1943 799 1972 autem
822 1933 998 1972 condita
1018 1943 1080 1972 est
1098 1947 1121 1972 a
1140 1934 1296 1979 Pariis,
1310 1932 1355 1982 d)
1392 1941 1440 1969 ut
1458 1931 1568 1970 Dio-

176 2009 324 2059 nysius
344 2006 544 2054 tradidit,
581 2007 753 2061 Olymp.
772 2005 868 2044 XV.
887 2005 956 2044 vel
977 2008 1105 2044 etiam
1121 2005 1278 2043 XVIII.
1299 2013 1348 2042 ut
1365 2002 1564 2042 Xanthus

175 2064 348 2134 Lydus,
385 2092 515 2131 quem
541 2080 723 2134 Dionys.
751 2078 971 2117 Halicarn.
1006 2087 1227 2117 auctorem
1258 2077 1565 2133 antiquitatum

175 2154 372 2203 inprimis
391 2155 577 2203 peritum
598 2162 735 2191 vocat.
749 2153 790 2203 e)
837 2151 984 2203 Quare
1005 2153 1039 2188 si
1060 2162 1215 2201 ponaS,
1237 2146 1562 2197 Archilochum,

179 2239 268 2278 quo
289 2235 486 2277 tempore
505 2228 550 2263 in
568 2223 758 2263 Thasum
780 2223 1040 2278 emigrabat,
1071 2221 1394 2261 adolescentem
1412 2220 1562 2260 saltem

179 2300 327 2352 viginti
348 2308 390 2337 et
411 2298 578 2350 aliquot
599 2311 736 2336 annos
757 2296 980 2344 habuisse,
1010 2304 1191 2348 apparet
1211 2308 1309 2333 eum
1327 2296 1412 2333 iam
1431 2293 1563 2332 fuisse

175 2370 366 2410 Romulo
398 2381 634 2424 regnante,
672 2380 721 2408 ut
738 2370 888 2408 Cicero
913 2367 1138 2419 asserit,f)
1175 2366 1391 2420 huiusque
1423 2376 1562 2405 aetate

175 2453 326 2483 natum
348 2458 465 2493 esse,
506 2458 603 2483 cum
622 2442 800 2483 Romuli
825 2455 940 2482 mors
966 2444 1014 2480 in
1032 2440 1205 2496 Olymp.
1226 2439 1323 2478 XV.
1351 2438 1422 2479 vel
1446 2441 1562 2477 iuxta

177 2514 283 2555 alios
294 2516 411 2555 XVI.
428 2516 643 2556 inciderit.
679 2514 829 2554 Laude
847 2527 952 2553 vero
971 2526 1159 2566 poeseos
1176 2513 1426 2552 inclaruisse
1443 2511 1562 2551 vide·

174 2597 245 2626 tur
270 2592 504 2642 praecipue
531 2598 631 2641 post
651 2588 823 2642 Olymp.
841 2587 999 2638 xxg)
1027 2597 1070 2626 et
1099 2586 1276 2626 tandem
1306 2586 1360 2625 ad
1386 2585 1557 2638 Olymp.

173 2659 331 2699 XXIII.
343 2689 357 2708 ,
386 2662 441 2701 ad
464 2677 594 2714 quam
619 2662 795 2715 plurimi
815 2671 1012 2700 auctores
1037 2674 1136 2700 eum
1157 2659 1374 2706 referunt,
1404 2667 1448 2696 et
1470 2671 1558 2710 quo

175 2742 372 2785 tempore
393 2734 534 2788 Gyges
555 2738 603 2774 in
621 2735 758 2790 Lydia
778 2733 1013 2789 regnabat,
1051 2735 1287 2772 carminum
1314 2731 1452 2784 gloria
1474 2733 1560 2770 iam

174 2807 307 2846 fuisse
349 2806 771 2859 florentissimum.h)
842 2808 967 2846 Hanc
1006 2815 1191 2844 aetatem
1231 2803 1427 2843 florentis
1468 2806 1557 2842 eius
