1846 3308
806 313 872 328 ---
945 293 1039 342 1154
1110 314 1175 323 -

963 426 1021 469 L.

335 519 420 571 Οὔ
438 535 520 570 τοι
541 518 688 570 πόλλ’
712 515 790 570 ἐπὶ
810 516 943 578 τόξα
963 521 1306 583 τανύσσεται,
1342 521 1467 576 οὐδὲ
1483 525 1694 589 θαμειαὶ

438 610 740 674 Σφενδόναι,
778 607 880 660 εὖτ’
913 614 974 662 ἄν
1013 612 1070 674 δὴ
1107 614 1287 677 μῶλον
1314 613 1464 685 ’Άρης
1496 605 1692 684 ο-υνὰγη

333 703 415 752 Ἐν
442 701 626 766 πεδίῳ·
665 693 861 765 ξιφέων
889 699 946 752 δὲ
977 703 1263 766 πολὺςονον
1287 702 1498 755 ἔσσεται
1528 705 1692 778 ἔργον.

438 790 640 851 Ταύτης
676 790 782 860 γὰρ
818 789 968 841 κεῖνοι
1005 793 1238 857 δαίμονές
1275 795 1370 844 εἰσι
1405 795 1607 860 μάχης,

334 886 599 934 Δεσπόται
635 879 860 942 Εὐβοίας
895 882 1247 953 δουρικλυτοί.
1282 912 1350 922 —-
1384 912 1454 922 --
1486 914 1554 924 —-

334 1055 455 1100 Non
493 1063 632 1096 arcus
669 1047 821 1094 multi
854 1049 1156 1109 tenduntur,
1191 1068 1397 1116 raraque
1430 1051 1592 1102 funda
1622 1047 1626 1050 ⁶

432 1142 742 1201 Torquetur‚
785 1154 1008 1203 pugnam
1041 1143 1206 1187 Marte
1241 1141 1401 1189 ciente
1433 1141 1591 1191 feram

331 1234 394 1278 In
429 1245 629 1291 campo:
667 1228 845 1293 gladiis
881 1229 1052 1292 potius
1085 1247 1162 1278 res
1199 1230 1356 1278 tristis
1390 1244 1578 1297 agetur.

434 1318 627 1366 Scilicet
656 1320 752 1365 hoc
785 1316 863 1364 illi
894 1320 1136 1381 praelium
1169 1321 1297 1368 inire
1329 1322 1495 1370 sciunt

329 1414 501 1460 Fortes
548 1409 784 1457 Euboeae
826 1409 1034 1457 domini.
1070 1439 1136 1446 -—
1169 1438 1237 1448 —
1268 1439 1339 1451 .-..

642 1564 814 1604 (Brunck
835 1565 871 1593 Τ.
891 1564 917 1593 1.
949 1574 981 1602 p.
1001 1568 1049 1600 [ιι.
1078 1564 1121 1594 fr.
1141 1569 1170 1601 4.
1193 1566 1352 1605 Iacobs.)

398 1631 614 1672 Plutarch.
650 1635 696 1671 in
730 1630 901 1670 Theseo
938 1631 989 1669 Τ.
1009 1630 1041 1669 1.
1078 1644 1122 1683 p.
1148 1644 1206 1670 10.
1257 1621 1484 1684 Ἐὶιείρατο
1525 1625 1570 1669 δὲ
1618 1627 1693 1682 τῆς

296 1706 501 1761 κεφαλῆς
539 1705 597 1748 τὰ
638 1704 828 1762 πρόσθεν
868 1705 1025 1755 μόνον,
1066 1700 1211 1762 ὥσπερ
1233 1702 1429 1761 ’Όμηρος
1464 1701 1553 1759 ἔφη
1592 1702 1695 1755 τοὺς

286 1781 529 1837 ”Αβαντας,
560 1781 633 1826 καὶ
664 1782 797 1826 τοῦτο
829 1781 905 1836 τῆς
934 1783 1094 1838 κουρᾶς
1122 1782 1174 1826 τὸ
1203 1783 1325 1838 γένος
1346 1781 1505 1838 Θησηῒς
1527 1778 1694 1838 ὠνομά-

296 1867 383 1917 σθη
416 1862 465 1905 δι’
495 1861 671 1906 ἐκεῖνον.
733 1860 788 1902 Οἱ
824 1859 868 1901 δὲ
904 1854 1121 1912 ’Ἄβαντες
1150 1859 1371 1916 ἐκείραντο
1410 1859 1576 1918 πρῶτοι
1615 1859 1694 1902 τὸν

295 1942 459 1997 τρόπον
490 1940 674 1985 τοῦτον.
706 1933 798 1994 οὐχ
829 1933 900 1980 ὑπ’
928 1937 1129 1994 Ἀράβων
1164 1936 1474 1992 διδαχθέντες,
1508 1936 1563 1988 ὡς
1591 1935 1693 1980 ἔνιοι

295 2019 572 2077 νομίζουσιν,
614 2013 712 2059 οὐδὲ
730 2015 909 2069 Μυσοὺς
939 2014 1241 2074 ζηλώσαντες,
1282 2014 1387 2057 ἀλλ’
1415 2010 1536 2064 ὄντες
1564 2012 1694 2057 πολε-

296 2097 416 2154 μικοὶ
453 2095 526 2138 καὶ
568 2094 828 2151 ἂγχίμαχοι
859 2093 932 2136 καὶ
971 2092 1139 2150 μάλιςα
1169 2093 1214 2135 δὲ
1243 2093 1420 2136 πάντων
1451 2092 1509 2142 εἷς
1539 2092 1694 2148 χεῖρας

296 2170 514 2216 ὠθεῖσθαι
547 2174 638 2220 τοῖς
670 2171 874 2224 ἐναντίοις
908 2171 1242 2229 μεμαθηκότες,
1282 2169 1338 2221 ὡς
1374 2169 1590 2227 μαρτυρεῖ
1618 2167 1692 2210 καὶ

292 2250 568 2307 Ἀρχίλοχος
588 2250 631 2292 ἐν
657 2245 851 2299 τούτοις·
890 2246 961 2291 06'
989 2264 1057 2291 τοι
1079 2246 1214 2291 πόλλ’
1237 2247 1305 2290 ἐπὶ
1335 2262 1376 2289 κ.
1398 2263 1439 2290 τ.
1461 2246 1507 2290 λ.
1560 2251 1692 2290 Cuius

294 2341 501 2371 tonsurae
529 2345 697 2370 causam
718 2331 879 2370 deinde
903 2331 1044 2370 addit:
1065 2324 1217 2376 ’Ότι-ως
1248 2317 1327 2369 οὖν
1358 2325 1418 2382 μὴ
1454 2323 1693 2382 παρέχοιεν

296 2405 344 2449 ἐκ
367 2405 456 2447 τῶν
477 2405 649 2460 τριχῶν
677 2404 920 2460 ἀντίληψιν
941 2400 1033 2451 τοῖς
1057 2402 1294 2459 πολεμίοις.
1350 2407 1415 2446 Cf.
1447 2392 1693 2444 Brodaeum

294 2486 538 2527 Miscellan.
568 2487 615 2524 L.
637 2485 708 2524 III.
737 2499 770 2524 c.
789 2491 827 2531 8.
880 2486 949 2524 De
969 2483 1211 2524 Abantibus
1243 2494 1386 2523 autem
1417 2483 1545 2521 Hom.
1566 2481 1615 2520 11.
1643 2476 1691 2528 β.

295 2578 333 2603 v.
353 2565 441 2611 536.
495 2557 553 2600 Οἳ
582 2558 615 2600 δ’
647 2555 845 2611 Εὔβοιαν
887 2557 995 2615 ἔχον
1038 2557 1170 2614 μένεα
1211 2557 1427 2606 πνείοντες
1458 2551 1693 2607 ’Άβαντεᾳ

294 2637 379 2677 Ubi
405 2646 635 2690 postquam
663 2639 795 2675 varias
834 2647 939 2689 quas
972 2635 1226 2675 habitabant
1252 2633 1380 2673 urbes
1409 2635 1691 2677 enumeravit,

296 2715 352 2754 de
378 2719 573 2768 ipsorum
602 2716 757 2754 virtute
782 2713 940 2753 bellica
971 2723 1014 2753 et
1040 2707 1307 2767 ἁγχιμαχίᾳ
1332 2715 1396 2753 sic
1419 2724 1575 2752 canere
1594 2722 1693 2763 per·

295 2791 357 2838 git
382 2801 420 2826 v.
433 2791 522 2837 540,
