1846 3308
685 282 1058 331 ...153-

175 415 276 468 θεός
302 412 534 463 Ἐνυάλιος
562 410 636 454 καὶ
665 409 848 468 ςρὰτιος.
906 411 975 451 De
1012 411 1349 464 compellatione
1386 411 1578 471 deorum>

178 489 294 545 ἅναξ
321 497 419 537 vide
445 495 598 549 fragm.
621 498 661 545 4.
688 480 803 536 ἅναξ
823 481 1070 550 Ἄπολλον.

279 573 334 612 V.
356 586 392 611 2.
440 565 546 610 Καὶ
589 563 862 608 Μουσέων
915 561 1118 620 ἐρατὸν
1166 562 1338 620 δῶρον
1390 562 1571 616 ἐπιςὰ-

179 632 356 708 μενος.
408 647 667 689 Themistius
693 639 932 685 Μουσάων.
990 643 1138 683 Poesis
1164 641 1233 683 vel
1258 646 1447 683 carmina
1471 646 1573 684 Mu-

181 739 322 765 sarum
342 723 459 763 dona
478 729 600 768 sunt,
630 734 789 773 quum,
819 732 933 773 quae
951 716 1013 756 dii
1032 715 1254 770 finguntur
1275 716 1471 766 efficere,
1501 733 1575 758 cu-

180 810 277 838 rare
310 796 379 836 vel
414 792 630 841 tribuere,
657 793 795 832 «dona
835 805 986 831 eorum
1020 792 1167 829 vocari
1201 789 1384 830 soleant.
1419 791 1573 832 Solon.

180 878 331 930 fragm.
351 880 388 920 5.
423 886 462 912 v.
481 877 544 917 51-
573 860 744 914 ’Δλλος
762 862 1079 923 Ὀλυμπιάδων
1098 862 1292 906 Μουσῶν
1313 860 1433 921 πάρα
1455 864 1575 923 δῶρα

182 948 392 1004 διδάχθη.
429 947 598 989 Mosch.
618 948 742 1003 Idyll.
771 960 814 1001 γ.
837 941 996 986 Πάντα
1015 956 1099 989 τοι,
1131 931 1167 983 a}
1185 940 1350 993 βοῦτα,
1377 935 1573 1001 {vy-gd?-

180 1030 292 1072 θανε
313 1025 429 1084 δῶρα
449 1023 508 1066 τὰ
529 1024 718 1066 Μοισᾶν.
744 1026 844 1066 vide
865 1026 1015 1079 fragm.
1033 1023 1096 1071 36.
1144 1024 1246 1076 Agit
1266 1022 1322 1062 de
1340 1021 1425 1064 hoc
1445 1028 1575 1064 etiam

181 1103 378 1145 Dorville
396 1102 540 1143 Vann.
562 1101 665 1141 Crit.
686 1113 730 1153 p.
750 1101 840 1151 642.
860 1109 904 1139 et
922 1110 1045 1151 seqq.

820 1349 950 1393 LIII·

187 1449 325 1501 Οὔτε
351 1463 400 1498 τι
436 1449 541 1519 γὰρ
573 1446 769 1497 κλαίων
808 1445 1045 1509 ἰήσομαι,
1092 1434 1219 1494 οὔτε
1251 1443 1433 1496 κάκιον

195 1600 196 1603 ¹
258 1537 449 1602 Θήσω,
493 1538 768 1610 τερπωλὰς
802 1535 893 1589 καί
918 1536 1108 1596 θαλίας
1143 1534 1367 1602 ἐφέπων.

685 1692 840 1731 Versio
858 1690 1085 1745 Xylandri.

188 1763 323 1820 Nam
341 1787 504 1835 neque
526 1769 787 1818 restituam
807 1768 1056 1829 lacrymis,
1086 1784 1251 1831 neque
1270 1767 1583 1828 deteriorem,

260 1868 512 1928 Quaerens
548 1860 748 1908 delicias
784 1860 1026 1923 vinaque,
1068 1874 1176 1905 rem
1210 1858 1448 1923 redigam.

294 2016 463 2055 (Bi-unck
485 2017 587 2046 Anal.
610 2018 647 2046 T.
666 2017 694 2045 1.
716 2025 749 2053 p.
770 2017 817 2051 4¹·
840 2011 881 2042 fr.
901 2019 930 2049 7.
952 2013 1072 2042 Iacobs
1092 2012 1170 2042 Vol.
1189 2012 1216 2042 1.
1239 2014 1275 2042 Ρ.
1297 2013 1324 2041 1.
1348 2022 1381 2051 p.
1403 2013 1492 2052 153.)
1582 2051 1584 2053 Ι

294 2080 510 2121 Plutarch.
539 2081 593 2120 de
624 2079 829 2120 audiend.
856 2079 908 2116 T.
930 2078 1004 2117 VI.
1037 2092 1079 2130 p.
1103 2091 1187 2130 117.
1215 2071 1364 2133 Πάλιν
1396 2073 1418 2116 ὁ
1441 2074 1588 2131 ’Δρχί-

196 2154 363 2212 λοχος,
405 2152 679 2210 λυπούμενος
709 2152 786 2209 μὲν
827 2151 895 2194 ἐπὶ
923 2151 990 2206 τῷ
1019 2150 1138 2208 ἀνδρὶ
1167 2151 1240 2207 τῆς
1284 2150 1483 2207 ἀδελφῆς
1511 2150 1589 2195 διε-

199 2231 448 2289 φθαρμένῳ
486 2232 606 2274 κατὰ
647 2229 907 2280 θάλασσαν,
952 2228 1053 2284 οἴνῳ
1093 2227 1138 2271 δὲ
1178 2227 1251 2271 καὶ
1290 2228 1446 2286 παιδιᾷ
1486 2228 1592 2286 πρὸς

197 2309 277 2365 τὴν
307 2306 452 2365 λύπην
482 2308 717 2365 μάχεσθαι
746 2307 1072 2364 διανοούμενος,
1102 2306 1246 2349 αἰτίαν
1274 2306 1426 2364 μέντοι
1452 2305 1592 2364 λόγον

201 2371 394 2444 ἔχουσαν
425 2383 616 2444 εἴρηκεν·
657 2382 779 2430 Οὔτε
808 2402 851 2429 τι
880 2386 967 2443 γὰρ
997 2383 1166 2428 κλαίων
1197 2400 1239 2428 κ.
1271 2401 1313 2428 τ.
1342 2383 1386 2427 λ.

281 2462 545 2520 ’Ῑήσομαι.
597 2470 736 2509 Sensu
762 2469 980 2516 translato,
1008 2477 1057 2507 ut
1081 2468 1228 2520 Eurip.
1251 2468 1391 2508 Orest.
1411 2468 1501 2516 650,
1528 2472 1592 2512 51.

202 2541 442 2599 Ἃμαρτιάν
471 2544 560 2599 Τῆς
588 2544 662 2599 σῆς
690 2540 895 2599 γυναικὸς
924 2541 1094 2584 ἀδικίαν
1123 2540 1163 2584 τ’
1196 2541 1387 2598 ἰώμενος.
1450 2546 1596 2585 Comi-

206 2639 279 2665 cus
306 2625 418 2665 Plut.
444 2638 482 2664 v.
507 2631 615 2672 1088.
643 2613 816 2663 Οὐκοῦν
838 2615 1073 2678 τρύγοιπος
1093 2619 1241 2662 ταῦτα
1259 2617 1595 2662 πάντ”ἰάσεται.

207 2698 378 2738 Aristid.
402 2697 456 2736 de
473 2698 622 2737 Marco
641 2698 819 2738 Aurelio
838 2699 889 2737 T.
910 2698 943 2737 Ι.
961 2711 1004 2750 p.
1026 2703 1089 2749 59.
1111 2697 1166 2738 de
1188 2700 1278 2737 eius
1297 2699 1344 2735 in
1362 2695 1599 2748 rempubli-

210 2790 302 2815 cam
320 2777 507 2815 meritis:
532 2767 736 2827 Ἰωμένου
756 2768 815 2813 τὰ
838 2767 1017 2813 ὕπουλα
1037 2769 1110 2811 καὶ
1133 2768 1400 2824 νενοσηκότα
1422 2763 1571 2813 αὐτοῦ.
