1846 3308
753 318 820 327 --·
893 308 988 339 100
1058 317 1126 326 *-

854 431 1031 474 XXIX.

521 530 677 589 Νίκης
718 528 759 576 δ’
795 525 842 578 ἒν
880 525 1047 578 θεοῖσι
1083 527 1316 597 πείρατα.

519 696 687 744 Posita
722 707 795 742 est
831 694 887 740 in
922 693 1017 740 diis
1052 693 1273 742 victoria.

354 859 523 901 (Brunck
543 859 647 888 Anal.
668 860 705 887 T.
726 860 752 886 Ι.
778 856 897 895 fragm.
915 863 962 892 32.
986 857 1105 887 Iacobs
1126 857 1206 887 Vol.
1227 859 1253 888 1.
1274 860 1311 888 P.
1332 861 1357 889 1.
1377 869 1409 897 p.
1432 861 1522 900 ¹7¹·)

346 926 480 966 Clem.
500 923 731 964 Alexandr.
751 923 831 961 Str.
852 921 924 961 VI.
945 927 1042 974 738,
1079 926 1140 967 25.
1163 915 1263 961 ’Έτι
1298 921 1477 975 κᾷκεῖνο
1509 937 1639 973 μετα-

251 999 434 1058 φράζων
455 995 690 1056 (Ἀρχίλ.),
716 995 854 1052 Νίκης
884 993 918 1037 δ’
938 993 1207 1050 ἀνθρώποισι
1231 997 1348 1040 θεῶν
1380 995 1427 1040 ἐν.
1454 999 1641 1056 πείρατα

251 1079 420 1124 κεῖται,
475 1074 563 1117 διὰ
600 1073 699 1117 τοῢ
750 1070 966 1132 ἰάμβου
1007 1071 1136 1128 δῆλός
1166 1072 1225 1126 ἐςι
1256 1075 1372 1128 νέους
1403 1075 1640 1135 θαρρῦναι·

250 1156 389 1211 Νίκης
419 1153 452 1196 δ’
483 1152 516 1195 ἐ.
544 1155 590 1195 9.
623 1167 669 1195 π.
719 1156 891 1195 Partem
909 1169 1012 1196 vero
1030 1158 1212 1204 senarii,
1250 1166 1299 1195 ut
1325 1160 1416 1209 ipse
1441 1158 1641 1198 Clemens

252 1237 431 1285 indicat,
461 1248 550 1275 esse
574 1243 769 1286 apparet,
797 1232 904 1272 Forte
922 1236 982 1272 sic
999 1232 1258 1285 supplendi:
1285 1230 1422 1288 Νίκης
1452 1231 1486 1272 δ’
1516 1228 1642 1291 ὅπερ·

253 1313 332 1354 θεν
373 1308 415 1352 ἐν
452 1309 594 1352 θεοῖσι
624 1307 836 1366 πείρατα,
871 1309 960 1350 vel:
997 1305 1135 1362 Νίκης
1165 1306 1198 1348 δ’
1226 1305 1411 1364 ἔχονται
1442 1307 1484 1351 ἐν
1514 1313 1560 1353 θ.
1593 1326 1639 1353 π.

250 1396 366 1432 iuxta
387 1391 626 1430 Homerum
646 1390 694 1429 Il.
722 1384 761 1443 ζ
789 1402 827 1429 v.
855 1401 940 1428 102.
968 1377 1118 1442 Αὐτὰρ
1157 1381 1346 1444 ὕπερθεν
1376 1386 1513 1444 Νίκης
1556 1389 1642 1431 πεί·

251 1469 346 1524 ρατ’
376 1462 561 1520 ἔχονται
592 1462 634 1505 ἐν
666 1460 928 1506 ἀθανάτοισι
958 1462 1113 1506 θεοῖσι.
1169 1469 1370 1508 Ceterum
1388 1483 1534 1509 vocem
1550 1465 1644 1508 πεῖ·

251 1559 349 1601 ρας,
386 1541 595 1599 πείρατα,
632 1545 808 1584 Graecis
846 1546 975 1583 etiam
1012 1544 1387 1586 circumlocutioni
1421 1550 1642 1595 inservire,

251 1634 406 1664 notum
435 1633 510 1663 est.
539 1624 716 1662 Homer.
756 1615 949 1675 ὀλέθρου
989 1616 1155 1674 πείρατ’
1194 1617 1391 1672 ἐφῆπται
1426 1638 1506 1676 pro
1545 1616 1642 1663 ὅλε·

251 1701 357 1755 θρος
396 1696 607 1753 ἐφῆπται.
669 1699 821 1754 Odyss.
856 1712 890 1738 ε.
917 1706 1005 1752 287.
1032 1695 1298 1753 Ἐκφυγέειν
1336 1696 1454 1753 μέγα
1490 1699 1644 1756 πεῖρας

254 1774 409 1833 ὀϊζύος.
469 1780 588 1818 Sicut
617 1788 660 1818 et
694 1770 823 1823 τέλος
858 1775 983 1827 (vide
1025 1777 1177 1832 fragm.
1215 1780 1302 1830 51.)
1350 1788 1393 1818 et
1427 1774 1642 1835 τέρματα.

252 1850 448 1906 Aeschyl.
475 1852 599 1890 Eum.
622 1854 711 1903 743.

415 1925 511 1968 Νῦν
535 1923 739 1981 ’ἀγχόνης
765 1938 841 1979 μοι
870 1924 1055 1983 τέρματ’
1085 1922 1114 1983 ἢ
1140 1924 1256 1982 φάος
1280 1924 1480 1979 βλέπειν.
