1846 3308
793 298 1132 350 -98—

262 423 353 474 λος.
401 421 698 481 ’Δρχὶλοχος·
755 424 869 468 Κατ’
906 419 1028 468 οἶκον
1061 440 1102 467 κ.
1133 440 1175 467 τ.
1210 423 1256 468 λ.
1296 425 1377 469 Ἐκ
1405 427 1485 472 τοῦ
1515 429 1660 488 βάζω,

260 496 391 554 βάξιν
411 495 507 555 βὰξ
528 495 683 557 ὄνομα,
715 499 1030 558 διπλασιασμῷ
1047 496 1222 555 βαβαξ.
1274 507 1328 546 Et
1357 506 1458 548 hinc
1475 509 1661 564 Etymol.

262 580 323 619 M.
366 579 672 633 corrigendum
721 593 813 618 esse
848 589 1023 626 monet,
1095 580 1172 635 ubi
1216 580 1429 620 mendose
1480 580 1660 636 legitur:

260 651 572 711 Ἀριςοφὰνης·
603 650 715 694 Κατ’
738 647 857 696 οἷκον
884 652 1117 709 ἑςρωφόίτο
1139 653 1335 713 μισητός.
1357 684 1369 696 .
1401 684 1412 696 .
1446 685 1456 695 .

862 962 1058 1007 XXVII.
1119 962 1122 965 ’

300 1057 540 1128 Τρίαιναν
578 1054 764 1118 ἐσθλὴν
801 1057 891 1107 καὶ
926 1059 1232 1131 κυβερνήτης
1272 1061 1461 1125 σοφός.

299 1225 503 1289 Sapiens
538 1224 809 1272 tridentem
851 1241 1054 1289 quoque
1088 1225 1394 1291 gubernator
1422 1225 1618 1274 bonum

985 1318 1009 1375 (
1020 1315 1056 1363 f.
1092 1319 1322 1377 tenens).
1353 1378 1355 1380 ³

364 1479 619 1517 Ammonius
651 1478 798 1517 Herm.
828 1481 876 1516 in
905 1480 1100 1530 quinque
1128 1492 1257 1519 voces
1285 1477 1513 1532 Porphyrii
1538 1479 1666 1519 Com-

264 1563 446 1593 mentar.
466 1566 510 1605 p.
531 1566 569 1604 9.
591 1554 646 1592 de
667 1553 947 1607 philosophia
966 1569 1122 1609 agens:
1148 1551 1202 1594 ‘O
1221 1551 1374 1610 μέντοι
1393 1551 1667 1608 Πυθαγόρας

192 1619 195 1622 ’
265 1626 400 1683 φησὶν
415 1656 428 1675 ,
457 1623 527 1670 ὅτι
546 1625 803 1682 φιλοσοφία
825 1626 883 1680 ἐςὶ
901 1626 1036 1682 φιλία
1059 1629 1241 1689 σοφίας,
1268 1629 1442 1686 πρῶτος
1460 1629 1528 1685 τῷ
1546 1628 1667 1686 παρὰ

264 1705 356 1755 τοῖς
377 1703 685 1761 παλαιοτέροις
706 1703 853 1758 ἐπιςὰς
877 1704 1179 1764 ἁμαρτήματι.
1210 1706 1353 1762 ἐπειδὴ
1385 1706 1471 1763 γὰρ
1510 1705 1667 1750 ἐκεῖνοι

265 1781 408 1838 σοφὸν
442 1779 671 1837 ὠνόμαζον
703 1780 780 1825 τὸν
816 1778 970 1839 ἥντινα
1001 1774 1082 1827 οὖν
1123 1784 1335 1840 μετιόντα
1373 1783 1563 1841 τέχνην,
1604 1776 1666 1826 ιιῗν

265 1858 325 1911 εἷς
352 1851 405 1917 ηἰι
431 1859 508 1902 καὶ
533 1858 554 1901 ὁ
578 1857 855 1916 Ἀρχίλοχος
875 1859 1048 1917 λέγων·
1077 1861 1287 1919 Τρίαιναν
1310 1861 1343 1904 ἐ.
1366 1877 1407 1904 κ.
1432 1877 1475 1904 κ.
1499 1875 1538 1905 σ.
1567 1879 1667 1918 per-

265 1944 328 1996 git
343 1930 527 1981 deinde:
557 1937 631 1980 καὶ
653 1936 675 1980 ὁ
697 1937 900 1995 ποιητής·
926 1938 1017 1982 ἐπεὶ
1037 1938 1176 1995 σοφὸς
1197 1937 1331 1998 ἤραρε
1351 1939 1537 1983 τέκτων.
1568 1939 1663 1981 καί·

266 2006 316 2058 εὖ
355 2013 475 2066 εἰδὼς
520 2016 678 2075 σοφίης
716 2012 1102 2073 ὑποθημοσύνῃσιν
1146 2016 1334 2075 Ἀθήνης
1370 2021 1442 2072 (11.
1465 2032 1501 2060 ο.
1532 2022 1664 2071 4η.)

265 2094 571 2146 Fragmentum
592 2094 677 2134 hoc
695 2098 956 2135 sententiam
984 2108 1079 2135 :non
1102 2093 1257 2143 efficit,
1288 2096 1452 2146 quippe
1473 2107 1496 2132 e
1515 2093 1664 2132 medio

267 2175 474 2215 contextu
501 2170 698 2206 carminis
726 2171 819 2207 sine
848 2167 980 2208 verbo
1007 2167 1131 2208 finito
1160 2177 1419 2219 excerptum.
1470 2166 1667 2205 Forsitan

266 2259 407 2285 sermo
444 2244 528 2283 fuit
569 2245 624 2284 de
659 2245 890 2296 Neptuno,
936 2257 1067 2296 quem
1104 2242 1378 2295 Aristophan.
1431 2237 1547 2292 Νεφ.
1575 2243 1663 2294 567.

267 2318 343 2361 τὸν
365 2319 617 2375 μεγασθενῆ
639 2317 831 2374 τριαίνης
859 2316 1025 2372 ταμίαν
1051 2329 1200 2368 vocat,
1232 2329 1274 2358 et
1312 2322 1413 2371 qui,
1453 2318 1556 2357 dum
1589 2332 1667 2358 na-

267 2414 338 2439 ves
369 2398 544 2451 placido
574 2400 680 2436 mari
710 2397 765 2437 ad
790 2405 965 2448 portum
996 2395 1197 2444 deducit,
1240 2397 1368 2433 etiam
1396 2390 1668 2448 κυβερνήτης

270 2470 407 2526 σοφὸς
436 2475 521 2514 dici
542 2477 697 2526 potuit.
748 2471 946 2527 Aeschyl.
969 2471 1031 2513 his
1058 2475 1160 2524 ipsis
1189 2472 1328 2512 verbis
1359 2474 1495 2511 utitur
1513 2473 1664 2525 Suppl.

270 2562 359 2607 783.
388 2547 518 2604 φιλεῖ

430 2623 593 2668 Ὠδῖνα
619 2623 784 2667 τίκτειν
814 2618 896 2674 νὐξ
941 2623 1264 2681 κυβερνὴτη
1304 2623 1476 2679 σοφῷ.

272 2706 526 2762 Symbolum
546 2707 741 2759 Neptuni
760 2714 903 2745 autem
927 2706 1103 2745 tridens.
1166 2704 1230 2744 Id.
1261 2705 1411 2757 Suppl.
1435 2712 1520 2752 255.
1547 2697 1663 2755 Ὁρίὗ

273 2781 469 2837 τρίαιναν
490 2779 617 2836 τήνδε
639 2778 816 2836 σημεῖον
840 2777 962 2822 θεοῦ.
983 2793 1025 2823 et
1044 2783 1220 2824 Homer.
1243 2782 1291 2821 Il..
1311 2794 1358 2833 μ.
1378 2796 1439 2834 27.
1470 2771 1611 2845 Δῦτιῖις
1630 2776 1665 2819 δ’
