1846 3308
683 305 752 316 --
826 287 919 338 173
989 302 1053 313 ..-

268 423 323 463 V.
346 436 380 462 1.
418 416 578 460 Τόδε.
619 439 674 449 -
701 416 926 457 Scholiast.
963 412 1297 468 Hephaestionis
1323 426 1367 466 p.
1390 426 1425 452 1.
1452 407 1563 457 τοδί,

169 512 214 543 et
239 515 282 555 p.
302 501 365 548 86.
392 513 473 554 pro
500 493 601 539 τόδε
626 497 759 538 habet
787 489 937 548 λόγον,

268 580 321 619 V.
342 594 379 620 2.
415 571 701 633 Παρήειρε
738 567 965 627 φρένας.
1016 569 1117 609 vid.
1144 569 1296 624 fragm.
1315 577 1380 617 52.
1407 583 1445 613 v,
1469 569 1566 611 Πα.

169 654 332 713 winenc-

780 882 950 927 LXIV.

239 980 319 1034 Eu*
351 999 433 1033 τοι
468 982 597 1054 πρὸς
632 979 802 1030 ἄεθλα
845 978 1002 1041 δῆμος
1037 973 1362 1047 ἁθροΐζεται,

574 1074 655 1121 Ἐν
692 1068 749 1120 δὲ
782 1067 1153 1149 Βᾳτουσιάὸης.

240 1245 345 1288 Iam
393 1252 724 1305 congregatur
767 1237 988 1301 populus
1025 1236 1087 1283 ad
1120 1234 1297 1293 ludos,
1346 1234 1499 1283 simul

583 1333 711 1378 Ecce
748 1326 1057 1375 Batusiades.

274 1493 508 1548 Hephaest.
543 1507 588 1547 p.
615 1506 667 1546 70
703 1503 746 1533 et
782 1505 843 1531 22.
882 1490 937 1530 de
977 1499 1115 1528 metro
1161 1487 1374 1542 dactylico
1412 1503 1565 1543 agens:

174 1567 276 1608 Τῶν
301 1566 345 1609 δὲ
370 1567 425 1620 εἰς
447 1565 684 1622 συλλαβὴν
714 1570 837 1621 (fort.
867 1561 1245 1619 καταληκτικῶν)
1272 1561 1340 1616 τῷ
1368 1561 1447 1617 μὲν
1472 1578 1567 1606 πεν-

173 1646 411 1703 θημιμερεῖ
428 1645 530 1704 πρὸς
551 1643 625 1688 δύο
649 1641 774 1687 ποσὶν
806 1636 946 1685 οὐσῶν
976 1642 1066 1684 τῶν
1096 1638 1343 1692 συλλαβῶν
1360 1636 1570 1697 ’Δρχίλο-

173 1738 258 1779 χος
278 1723 495 1780 κέχρηται
519 1722 561 1766 ἐν
583 1722 760 1778 {vt-9069?-
787 1721 860 1764 Ἑν
886 1720 930 1763 δὲ
948 1717 1257 1776 Βατουσιάδης.
1303 1721 1418 1760 Vide
1440 1726 1570 1763 etiam

177 1805 420 1872 Cemment.
442 1806 488 1845 C.
511 1805 586 1843 IX.
613 1814 706 1844 not.
729 1819 777 1853 e,
819 1803 895 1842 ubi
922 1801 1056 1842 schol.
1083 1798 1301 1851 Aristoph.
1330 1795 1449 1849 Νεφ.
1479 1806 1566 1853 274.

178 1880 306 1917 etiam
326 1878 470 1927 tradit,
488 1877 572 1917 hoc
590 1888 729 1917 metro
749 1873 1056 1915 Archilochum
1076 1887 1199 1912 usum
1222 1885 1312 1911 esse
1331 1876 1378 1911 in
1400 1872 1569 1929 ὲπῳδῷ,

179 1969 222 1998 et
241 1958 343 1998 hinc
353 1958 675 1999 Archilochium
694 1963 852 2000 vocari.
888 1959 1017 1998 Unde
1041 1957 1289 1997 aDorvillio
1309 1970 1388 2008 pro
1411 1951 1569 2007 ἐπῳδῇ,

180 2032 302 2085 quod
343 2035 391 2072 in
432 2032 760 2086 Hephaestione
806 2042 921 2082 erat,
969 2041 1233 2079 correctum,
1283 2029 1427 2068 Vann.
1467 2030 1569 2071 Crit.

175 2118 219 2157 P·
238 2110 326 2156 454·

278 2174 334 2220 ”A
349 2195 367 2222 ε
379 2181 413 2222 9
425 2177 508 2222 λα.
552 2188 786 2226 certamina
803 2185 994 2240 publica.
1030 2181 1206 2223 Pindar.
1224 2180 1397 2234 Olymp.
1417 2180 1451 2221 1.
1470 2195 1511 2222 v.
1532 2187 1569 2228 5.

178 2256 262 2295 vid.
284 2255 429 2296 Schol.
1444 2268 1446 2270 ·

800 2447 946 2493 LXV.

354 2545 656 2609 Φαινόμενον
688 2545 848 2595 κακὸν
886 2542 1050 2594 οἴκαδ’
1095 2542 1333 2610 ἄγεσθαι.

353 2710 611 2758 Damnum
643 2710 770 2760 ferre
806 2711 1019 2759 domum
1050 2708 1394 2757 manifestum,
