1846 3308
813 301 1184 352 —198—

303 428 376 472 καὶ
397 427 613 486 ὀνειδίζων
634 443 685 485 γε
706 427 728 471 ὁ
749 427 912 486 Πάριος
934 428 1196 486 ἰαμβοποιὸς
1216 428 1293 472 τὸν
1315 429 1564 487 Λυκάμβην
1584 430 1701 488 μετὰ

302 504 418 555 ἅλας
455 503 529 548 καὶ
565 504 787 564 τράπεζαν
828 506 1051 562 συνθήκας
1092 508 1398 562 ἂθετὴσαντα,
1448 509 1559 565 φησὶ
1595 509 1701 566 πρὸς

303 578 440 627 αὒτόν
455 599 466 610 ·
489 580 655 640 ’Όρκον
675 600 717 627 κ.
740 600 779 626 τ.
803 583 847 626 λ.
901 588 1007 627 Duo
1027 602 1172 628 versus
1192 588 1362 626 dimetri
1381 587 1570 636 iambici,
1593 588 1702 628 alter

306 646 605 702 acatalecticus
617 689 631 709 ,
662 662 770 701 alter
793 661 1089 710 catalecticus,
1120 674 1207 713 quo
1233 670 1371 699 metro
1392 659 1699 700 Archilochum

306 745 456 775 contra
475 733 727 789 Lycamben
755 744 798 773 et
823 733 930 773 filias
957 748 1083 774 usum
1111 747 1226 782 esse,
1253 742 1433 772 testatur
1450 733 1699 774 Victorinus

302 807 351 846 L.
372 807 444 846 III.
466 812 577 853 2585.
599 807 708 858 ¹(vid-
730 807 972 845 Comment.
993 807 1030 855 §.
1051 805 1162 844 VIII.
1183 815 1275 847 not.
1294 806 1349 858 x.)
1376 805 1463 844 Sed
1484 805 1592 845 alter
1612 806 1700 846 for-

304 882 423 919 tassis
446 880 620 918 mutilus
644 889 707 919 est
725 880 934 926 senarius,
962 880 1022 916 ita
1043 887 1092 916 ut
1110 878 1336 919 verisimile
1354 879 1421 927 sit,
1443 877 1565 929 quod
1584 877 1700 918 doct.
1746 886 1750 890 '

304 951 513 992 Huschke
525 952 709 991 Miscell.
722 950 926 1004 Philolog.
949 963 992 1002 p.
1009 954 1068 999 15,
1089 950 1149 991 16.
1170 950 1590 1002 arbitratur-,partem
1608 964 1702 990 esse

303 1026 418 1065 illius
442 1025 589 1077 epodi,
615 1037 719 1077 quo,
742 1022 891 1063 fabula
911 1023 965 1062 de
984 1023 1114 1076 vulpe
1136 1034 1179 1063 et
1200 1023 1343 1077 aquila
1362 1027 1600 1077 proposita,
1618 1024 1702 1078 Ly-

307 1098 484 1137 cambae
503 1097 686 1150 perfidia
710 1099 952 1150 castigatur.
1004 1097 1074 1136 De
1104 1096 1257 1136 eadem
1284 1109 1332 1135 re
1363 1096 1451 1135 Dio
1481 1095 1697 1151 Chrysost.

306 1172 424 1210 Orat.
446 1172 508 1218 63.
539 1186 581 1224 p.
600 1174 690 1225 461.
717 1172 767 1212 Β.
789 1167 1066 1226 Ἀρχίλοχον
1096 1164 1218 1212 οὐδὲν
1251 1165 1422 1225 ὤνησαν
1441 1169 1482 1212 οἱ
1500 1165 1606 1219 ἆίλες
1626 1170 1699 1212 καὶ

305 1243 330 1301 ἣ
360 1243 558 1303 τράπεζα
587 1247 692 1304 πρὸς
726 1247 805 1304 τὴν
839 1246 1085 1304 ὁμολογίαν
1115 1246 1205 1289 τῶν
1239 1245 1423 1303 γάμων,
1464 1236 1525 1290 aiv
1564 1248 1700 1303 φησιν

305 1321 449 1372 αὐτός.
501 1327 697 1367 Analect.
726 1328 778 1366 Τ.
799 1327 831 1366 I.
861 1341 904 1379 p.
923 1331 1012 1380 419.
1041 1327 1190 1383 fragm.
1216 1327 1270 1367 V.
1298 1326 1531 1367 Alexandri
1556 1329 1702 1370 Aetoli

305 1417 358 1442 ex
379 1404 594 1443 emendat.
617 1403 844 1443 Brunckii:
863 1424 910 1433 --
925 1428 971 1438 —
990 1427 1035 1436 —
1056 1398 1078 1442 ὁ
1100 1399 1144 1442 δὲ
1157 1401 1272 1456 Ζῆνα
1295 1394 1453 1451 ξείνιον
1479 1401 1703 1459 αἰδόμενος

305 1477 511 1528 Σπονδάς
547 1494 598 1522 τε
636 1477 806 1529 Φοβίου
855 1475 929 1519 καὶ
980 1473 1075 1519 ἅλα
1119 1472 1318 1529 ξυνεῶνα
1366 1478 1598 1538 τραπέζης.
1646 1485 1703 1525 ad

305 1568 436 1608 quem
458 1556 605 1595 locum
627 1556 681 1595 cf.
705 1569 817 1608 quae
835 1554 988 1596 Iacobs
1010 1558 1100 1596 eius
1121 1556 1366 1596 illustrandi
1384 1570 1510 1596 causa
1529 1568 1703 1610 praeter

304 1627 423 1668 hunc
446 1628 694 1668 Archilochi
724 1628 866 1668 locum
885 1628 1076 1679 profert,
1113 1632 1185 1681 qui
1217 1643 1268 1669 ex
1295 1628 1380 1669 hoc
1403 1632 1499 1682 ipso
1527 1644 1704 1683 prover-

304 1704 425 1743 bium
447 1716 590 1744 ortum
613 1720 703 1746 esse
719 1715 844 1759 putat
864 1697 958 1743 ἅλα
977 1700 1051 1743 καὶ
1070 1700 1292 1760 τράπεζαν
1313 1702 1374 1759 μὴ
1396 1703 1700 1759 παραβαίνειν.

303 1779 392 1817 Sed
407 1781 494 1817 iam
511 1781 559 1818 in
579 1779 773 1818 Homero
795 1777 904 1818 haec
924 1778 1118 1839 locutio,
1145 1778 1297 1819 saltem
1318 1793 1416 1832 pars
1440 1783 1532 1820 eius
1551 1794 1703 1821 occur-

302 1859 370 1896 rit.
425 1856 578 1909 Odyss.
608 1852 660 1907 φ.
690 1871 728 1897 v.
749 1863 810 1904 28.

357 1931 615 1990 Σχέτλιος,
651 1929 750 1979 οὐδὲ
778 1936 895 1979 θεῶν
924 1930 1025 1980 σ”πιν
1056 1932 1245 1992 ᾐδέσατ’,
1276 1927 1376 1976 οὐδὲ
1404 1933 1701 1994 τράπεζαν,

358 2011 451 2067 Τὴν
482 2011 531 2067 δή
563 2013 602 2055 οἱ
631 2013 895 2070 παρέθηκεν.

302 2093 354 2132 Et
375 2097 435 2132 sic
455 2098 584 2134 etiam
615 2095 776 2135 deinde
807 2096 879 2136 alii
907 2099 1150 2149 scriptores.
1210 2092 1409 2147 Aeschyl.
1443 2092 1592 2147 Agam.
1610 2096 1700 2144 409.

304 2164 409 2217 Οἷθς
432 2167 504 2209 καὶ
528 2168 680 2224 Πᾶρις,
711 2167 859 2211 ἐλθὼν
883 2167 921 2222 ἐς
949 2169 1081 2228 δόμον
1105 2168 1195 2212 τῶν
1216 2165 1454 2225 Ἀτρειδᾶν,
1478 2160 1702 2221 ’Ήισχυνε

304 2238 450 2294 ξενίαν
480 2242 716 2303 τράπεζαν.
746 2259 789 2288 et
814 2263 851 2288 v.
873 2263 985 2301 712.-
1012 2250 1160 2302 Eurip.
1197 2246 1366 2288 Hecub.
1392 2253 1479 2298 793.
1518 2245 1701 2285 Hecuba

305 2328 524 2377 queritur,
574 2326 694 2378 quod
731 2327 1002 2380 Polymestor
1049 2339 1145 2365 eam
1193 2326 1495 2366 circumvenit:
1545 2319 1701 2373 Κοινῆς

302 2396 520 2455 τραπέζης
557 2394 780 2449 πολλάκις
811 2397 969 2454 τυχὼν
1003 2397 1113 2455 ἐμοί.
1150 2401 1353 2454 Xenoph.
1385 2399 1526 2440 Anah.
1557 2388 1701 2447 L.[111.

305 2480 352 2518 C.
373 2493 411 2518 2.
432 2479 487 2518 de
511 2478 693 2518 ducibus
713 2492 792 2530 per
810 2477 1034 2530 perfidiam
1054 2482 1314 2519 interemtis:
1356 2470 1441 2527 ὅςις
1471 2471 1701 2531 Κλεάρχῳ

303 2550 378 2611 καὶ
419 2550 717 2608 ὁμοτράπεζος
748 2551 980 2607 ’γενόμενος
1019 2546 1170 2603 αὐτοῖς
1208 2551 1379 2604 τούτοις
1418 2544 1703 2606 ἐξαπατήσας

300 2629 403 2681 τοὺς
419 2626 577 2687 ἄνδρας
597 2627 900 2672 ἀπολώλεκεν.

404 2706 774 2763 Ἑυοσφίσθη,
812 2710 1039 2750 discessisti
1072 2723 1096 2748 a
1125 2713 1220 2749 iure
1248 2710 1460 2759 iurando,
1488 2713 1518 2750 i.
1547 2723 1586 2749 e.
1609 2711 1701 2748 vio-

302 2786 399 2825 lasti
421 2786 548 2836 illud,
574 2794 624 2824 ut
645 2785 787 2824 Latini
810 2783 976 2831 dicunt,
1005 2781 1058 2823 ab
1079 2782 1226 2823 officio
1245 2783 1485 2824 discedere.
1539 2782 1697 2822 Osten-
