1846 3308
649 283 1021 330 -241—

137 407 287 464 δήμιος
314 421 359 452 et
384 405 537 465 δήμιον
559 411 797 466 legendum
833 425 926 452 esse
951 422 1070 452 recte
1095 417 1266 460 statuit,
1314 428 1357 457 et
1381 419 1524 462 obser.

135 498 220 538 vat,
248 489 381 530 talem
398 489 627 528 mulierem
647 488 702 528 ab
720 490 997 529 Anacreonte
1022 485 1260 529 πανδοσίαν
1288 504 1332 534 et
1349 490 1524 549 λεωφό.

138 576 212 619 ρον
237 568 391 605 vocari.
442 563 684 605 Aeschrion
710 562 766 603 de
793 562 1049 604 Philaenide
1074 566 1201 606 Anal.
1234 568 1286 608 T.
1307 570 1340 610 Ι.
1366 586 1411 625 p.
1435 582 1522 629 139.

137 636 237 682 Οὐκ
268 629 320 696 ἧν
349 637 390 688 ἐς
417 633 575 694 ἄνδρας
602 633 785 694 μάχλος
813 631 914 680 οὐδὲ
939 635 1147 695 δημώδης.
1199 645 1350 686 Posset
1376 651 1534 694 tamen*

134 719 225 774 legi
260 729 303 759 et
338 713 582 771 πάνδημος.
619 711 871 772 πάνδημον,
908 720 1030 772 quod
1055 720 1239 760 Veneris
1273 724 1520 782 volgivagae

138 791 366 846 epitheton
402 801 520 832 recte
560 791 616 830 ad
659 791 874 831 eiusmodi
919 802 1131 841 scortum,
1174 794 1239 833 illi
1282 797 1519 851 addictum,

137 867 452 906 transferretur.
511 864 685 903 Aristid.
724 864 779 904 de
804 865 1003 909 NIinerva
1036 865 1217 918 loquens
1252 868 1304 907 T.
1322 870 1354 909 Ι.
1390 885 1434 924 p.
1459 882 1519 921 13,

135 939 318 997 Μηδένα
344 938 458 998 μήτε
486 938 605 981 ,θεῶν
641 937 746 994 μήτ’
774 936 1021 995 ἀνθρώπων
1055 938 1170 994 (ἔδει
1198 936 1365 998 αὐτῆς)
1401 946 1521 1003 ψαῧ.

136 1031 210 1062 σαι
243 1016 363 1060 κατὰ
390 1015 469 1060 τὸν
499 1017 577 1073 τῆς
604 1015 834 1072 πανδήμου
864 1017 1011 1073 νόμον.

744 1236 907 1280 CXLI.

456 1332 1202 1404 Διαβεβοςρυχωμένος.

237 1427 391 1468 Pollux
413 1420 622 1479 Ὀνομας.
646 1425 695 1464 L.
715 1425 768 1464 Π.
807 1438 842 1464 c.
863 1432 902 1472 5.
939 1437 1040 1466 sect.
1063 1441 1125 1480 27.
1151 1426 1402 1485 Βόςρυχος,
1447 1432 1523 1484 βε.

134 1500 479 1559 βοςρυχωμὲνος
491 1510 505 1523 ·
556 1499 638 1556 ἀφ’
677 1490 735 1543 οὗ
770 1498 1239 1560 διαβεβοςρυχωμὲνος
1276 1507 1396 1565 παρὰ
1431 1513 1523 1569 Ἀρ·

133 1578 336 1638 χιλόχῳ.

733 1798 921 1841 CXLII.

701 1897 964 1958 Διςόση.

237 1988 424 2045 Hesych.
453 1984 638 2040 Διςόση·
668 1985 726 2039 τῇ
748 1981 914 2040 ἡλικίᾳ.
969 1982 1256 2043 ’Δρχὶλοχος.
1308 1990 1406 2031 Vox
1430 1993 1526 2035 sola

137 2067 394 2105 auctoritate
419 2060 627 2117 Hesychii
660 2065 831 2110 nitens,
876 2064 924 2100 in
957 2060 1081 2101 nullo
1125 2075 1300 2114 prorsus
1346 2076 1524 2107 auctore

137 2137 241 2177 alias
268 2149 526 2184 occurrens,
553 2148 638 2175 nec
666 2134 719 2174 ab
747 2134 840 2174 ullo
857 2133 1248 2175 Grammaticorum
1269 2149 1525 2181 memorata.

723 2350 933 2394 CXLIII.

583 2445 1073 2509 Ἐκτενισμένοι.

235 2539 392 2580 Pollux
421 2539 545 2580 LII.
583 2553 619 2578 c.
648 2545 688 2586 3.
723 2553 757 2579 s.
777 2543 843 2591 34.
879 2534 1202 2593 Ἐκτενισμὲνοι
1237 2538 1317 2596 μὲν
1356 2535 1524 2596 εἴρηκεν

135 2612 424 2673 ’Δρχίλοχοᾳ
461 2620 581 2656 cuius
606 2615 728 2656 verbi
754 2615 998 2667 exemplum
1020 2616 1182 2657 deinde
1204 2619 1326 2658 addit
1346 2634 1396 2659 ex
1409 2621 1527 2661 Ana·

134 2697 243 2736 xila:
269 2692 420 2748 Ἡμεῖς
441 2689 486 2732 δὲ
503 2688 757 2748 κτενίζομεν
768 2686 1046 2734 Τελέσιππον
1066 2690 1301 2734 οἰκόσιτον.
1326 2695 1524 2749 Euripid.

138 2774 319 2827 Hippol.
353 2787 391 2813 v.
420 2776 530 2823 1174.
565 2766 838 2826 ψήκτραισιν
868 2764 1010 2810 ἵππων
1048 2763 1525 2827 ἐκτενίζομενλτρίχας.

989 2846 1030 2897 Q
