1846 3308
674 302 744 315 --
817 285 906 335 131
981 303 1048 312 ...-

162 432 220 458 nn
246 411 650 471 {mnam-‘deinde
678 418 795 470 quia,
824 417 990 454 etiamsi
1016 408 1198 466 ἐρύμασι
1224 414 1368 469 legas,
1408 427 1555 461 tamen

161 505 256 531 non
285 501 487 544 apparet,
516 504 630 544 quae
655 497 846 541 potestas
871 490 942 526 isti
969 487 1185 528 vocabulo
1212 487 1342 527 tribui
1371 490 1552 533 debeat:

162 569 357 621 denique
385 572 487 621 quia
513 580 607 607 non
642 565 826 619 intelligi
850 574 1021 616 potest,
1072 579 1159 617 quo
1185 561 1395 618 φρονεῧσι
1421 573 1555 620 perti.

160 651 288 681 neat:
315 645 374 680 ita
400 651 449 680 ut
472 643 627 679 minim
654 651 748 678 non
775 641 842 686 sit,
870 641 983 677 viros
1011 637 1163 677 doctos
1192 651 1243 677 ea
1270 637 1399 678 dere
1421 641 1551 683 vehe-

159 723 333 753 menter
357 712 564 752 dissidere
590 715 704 750 inter
738 724 797 749 se.
811 715 843 734 “
901 710 953 749 Id
986 709 1109 763 quod
1148 709 1310 749 deinde
1345 715 1549 765 exemplis

160 786 414 833 Pircameri‚
461 784 666 831 Corradi,
712 784 911 823 Cornarii
947 794 1028 823 ete.
1066 783 1282 829 ostendit,
1329 789 1405 837 qui
1446 788 1550 828 dum

160 857 342 917 ἐρύμασι
367 855 521 916 legunt
556 871 600 901 et
623 861 694 900 vel
720 874 800 912 per
826 875 966 909 arcas,
1013 862 1278 900 munitiones
1313 860 1382 900 vel
1408 868 1548 904 muni.

157 939 276 975 mina
303 934 533 987 explicant,
566 947 659 972 rem
687 933 915 973 obscuram
940 943 1108 972 tantum
1131 946 1225 972 non
1251 933 1549 977 obscuriorem

156 1012 362 1054 reddunt.
423 1011 539 1050 Hinc
574 1010 648 1049 alii
682 1019 799 1049 recte
835 1010 1090 1062 praeferunt
1126 1003 1339 1062 ἔργμασι,
1387 1014 1551 1054 intelli..

157 1087 356 1141 guntqne
388 1098 480 1132 res,
528 1097 641 1137 quae
666 1092 793 1135 prout
827 1085 947 1135 ipsae
981 1093 1136 1123 natura
1171 1097 1249 1123 sua
1276 1097 1548 1137 comparatae

157 1171 280 1210 sunt,
318 1161 422 1201 dum
457 1160 655 1201 homines
690 1164 738 1200 in
768 1173 839 1200 eas
866 1160 1091 1209 incidunt,
1137 1155 1292 1209 ὁκοίοις
1336 1155 1549 1217 ἑγκυρὲω·

157 1249 225 1279 σιν
254 1234 490 1292 ἔργμασιν.
516 1242 635 1291 ipsae
664 1241 793 1278 etiam
820 1237 1000 1278 consilia
1028 1251 1179 1276 eorum
1206 1252 1287 1290 pro
1315 1241 1549 1291 prudentia

157 1320 367 1368 cuiusque
393 1316 697 1364 moderantur,
734 1310 835 1353 τοῖα
865 1309 1114 1367 φρονοῦσιν.
1171 1315 1296 1367 Quae
1332 1322 1549 1359 sententia

156 1393 256 1429 trita
284 1389 460 1442 quidem
499 1398 542 1428 et
566 1402 692 1436 vera,
736 1400 830 1428 non
863 1397 1010 1427 tamen
1038 1398 1135 1441 apta
1171 1388 1227 1427 ad
1260 1402 1433 1428 sensum
1459 1391 1549 1431 loci

155 1465 204 1503 in
232 1462 408 1515 dialogo
446 1471 520 1501 est.
574 1462 688 1501 Hinc
711 1459 971 1500 Valckenar.
1001 1460 1056 1499 ad
1078 1460 1290 1500 Herodot.
1312 1461 1365 1500 Π.
1392 1476 1435 1515 p.
1462 1471 1547 1515 ¹41·

158 1539 481 1578 emendandum
518 1551 610 1578 esse
644 1537 829 1578 iudicat:
872 1533 960 1575 Καὶ
997 1533 1206 1590 φρονεῦσι
1241 1534 1347 1587 τοῖ’,
1393 1535 1545 1592 ὁκοίως

157 1609 445 1669 ἓγκυρὲωσιν,
481 1609 704 1670 ἔργματα,
737 1618 796 1654 ita
823 1625 872 1654 ut
897 1611 999 1655 τοῖα
1026 1609 1229 1669 ἔργματα
1254 1618 1546 1659 nominativus

156 1695 210 1733 sit
245 1693 468 1734 intellecto
514 1688 596 1742 ἐςὶ,
660 1687 868 1746 φρονεῦσι
912 1692 1078 1732 dativus
1113 1695 1352 1745 participii,
1411 1704 1454 1733 et
1488 1696 1547 1746 ad

158 1765 417 1824 ἔγκυρέωσιν
443 1772 669 1819 referatur,
697 1783 936 1823 sensusque
963 1771 1036 1808 sit:
1074 1769 1159 1807 Res
1185 1773 1313 1819 ipsas,
1341 1783 1474 1827 prout
1499 1776 1547 1814 in

156 1847 354 1888 homines
376 1844 749 1900 varia‘prudentia
774 1847 1056 1898 moribusque
1081 1846 1302 1898 praeditos
1330 1845 1404 1886 aut
1430 1854 1547 1889 varie

157 1924 368 1960 animatos
394 1919 618 1967 incidunt,
650 1923 829 1971 mutari,
858 1919 985 1959 aliam
1013 1919 1229 1971 aliamque
1256 1930 1454 1959 naturam
1482 1936 1547 1960 as-

154 2011 339 2039 sumere.
400 1997 464 2036 At
482 1991 627 2036 sensus
664 2000 723 2036 ita
750 1997 929 2050 quidem
964 2000 1184 2037 contextui
1219 2007 1282 2036 est
1317 2011 1547 2040 consenta-

153 2089 264 2118 :neus
275 2103 291 2123 ,
342 2074 451 2115 ordo
499 2085 646 2115 tamen
688 2074 919 2115 verborum
930 2103 945 2123 ,
999 2084 1049 2112 ut
1092 2073 1261 2113 Fischer
1306 2085 1349 2132 et
1390 2075 1545 2115 Iacobs

154 2153 365 2202 iudicant,
394 2162 458 2192 est
477 2152 627 2193 durior
646 2163 690 2193 et
709 2151 901 2192 membra
921 2154 1163 2191 sententiae
1188 2154 1314 2192 nimis
1343 2154 1547 2207 dissipata

157 2241 201 2270 et
236 2230 437 2277 disiecta,
482 2243 613 2281 quam
647 2240 697 2268 ut
730 2229 778 2268 id
802 2227 1051 2269 Archilochi
1085 2231 1263 2284 ingenio
1300 2236 1545 2271 conveniat.

156 2303 271 2342 Hinc
295 2300 401 2341 mihi
426 2315 598 2341 sensum
627 2312 669 2341 et
695 2302 827 2342 verba
854 2302 1017 2355 dialogi
1045 2315 1141 2340 cum
1174 2302 1275 2342 loco
1302 2303 1547 2344 Archilochi

159 2379 400 2418 conferenti
434 2378 646 2419 lectiones
680 2374 817 2418 ὁκοῖοι
845 2388 889 2418 et
915 2372 1126 2432 ἔργμασιν
1152 2389 1270 2418 recte
1298 2378 1459 2420 habere
1486 2383 1548 2419 vi-

157 2449 331 2498 dentur,
359 2460 403 2489 et
419 2463 592 2490 sensum
613 2452 891 2492 commodum
913 2451 1100 2492 efficere.
1143 2453 1214 2491 Sic
1235 2455 1353 2492 enim
1369 2450 1549 2490 Aeschi-

156 2539 256 2566 nes:
282 2521 452 2566 Ὁποῖοι
473 2522 559 2580 γὰρ
580 2519 634 2566 ἄν
651 2539 762 2574 τινες
782 2515 886 2567 αἷσιν
908 2525 949 2568 οἱ
966 2523 1212 2584 χρώμενοι·
1237 2527 1546 2568 Archilochus:

156 2597 325 2642 Ὀκοῖοι
355 2600 376 2653 (
386 2599 471 2654 γὰρ
502 2598 587 2654 ἄν)
616 2601 877 2659 ἐγκυρὲωσιν
906 2603 997 2652 τοῖς
1025 2599 1251 2661 ἔργμασιν.
1287 2603 1545 2644 Aeschines:

157 2675 346 2720 τοιαῦτα
375 2675 448 2718 καὶ
484 2677 543 2719 τὰ
571 2677 817 2735 πράγματα
845 2678 997 2730 αὐτοῖς
1026 2680 1198 2736 ἀνάγκη
1229 2674 1360 2722 εἶναι·
1395 2680 1549 2720 Archi·

157 2756 324 2799 lochus:
359 2753 461 2797 τοῖα
489 2752 564 2796 καὶ
591 2755 824 2812 φρονεῦσι,
859 2761 1048 2802 breviter
1071 2771 1121 2800 ut
1144 2769 1301 2812 poeta,
1336 2771 1418 2811 pro
1445 2754 1546 2797 τοῖα

983 2835 1003 2872 Ι
1030 2847 1053 2871 2
