1846 3308
177 756 234 814 E.
346 757 394 812 P
498 757 531 813 Ι
641 757 700 814 G
805 758 868 814 R
981 759 1035 816 A
1143 760 1222 816 M
1326 761 1403 817 Μ
1510 765 1566 824 Α

477 875 1266 923 ARcH1Locn1.

691 1098 693 1100 ’
768 1124 966 1168 Lxxn.

433 1215 669 1276 ’Δνάθημα
697 1220 755 1276 τῆ
774 1216 894 1276 ‘'Hpqt
923 1217 1024 1276 παρ’
1052 1216 1297 1270 ’Δλκιβίας.

237 1303 481 1382 Ἀλκιβίη
514 1319 798 1384 πλοκάμων
836 1320 965 1392 ἱερὴν
1002 1318 1214 1381 ἀνέθηκε
1246 1320 1546 1395 καλύπτρην

299 1407 462 1478 “Hem
509 1409 788 1480 κουριδίων
823 1406 925 1460 εὖτ’
957 1406 1176 1483 ἐκύρησε
1208 1409 1410 1477 γάμων.
1477 1406 1480 1408 Α

236 1576 427 1624 Iunoni
459 1575 652 1624 Alcibie
687 1575 924 1624 crinalem
960 1589 1097 1642 grata
1132 1578 1343 1625 sacravit

302 1667 516 1727 Vittam,
562 1666 791 1732 legitimo
828 1666 952 1714 dum
989 1667 1174 1715 sociata
1209 1679 1323 1716 toro
1360 1680 1449 1717 est.

283 1830 453 1869 (Brunck
475 1831 512 1859 T.
534 1830 561 1860 1.
582 1839 616 1868 p.
638 1834 687 1866 41.
711 1829 830 1868 fragm.
851 1835 880 1866 3.
911 1831 1032 1860 Iacobs
1050 1830 1126 1861 Vol.
1148 1832 1176 1861 1.
1195 1832 1231 1861 P.
1252 1832 1279 1861 1.
1301 1833 1448 1871 p.'155.)

269 1889 507 1943 Antholog.
555 1890 774 1942 Cephalae
821 1905 845 1930 a
886 1890 1064 1931 Reiskio
1102 1896 1211 1943 1754.
1261 1892 1378 1931 edita
1421 1906 1464 1944 p.
1498 1904 1559 1932 12.

170 1964 305 2016 epigr.
333 1967 421 2014 422.
446 1964 644 2002 Vatican.
673 1963 781 2002 eod.
815 1963 899 2008 165.
960 1962 1269 2003 Archilochum
1295 1963 1432 2003 multa
1458 1967 1561 2003 scri-

165 2039 300 2088 psisse
337 2038 466 2074 etiam
506 2039 835 2090 epigrammata,
871 2046 994 2088 patet
1032 2051 1083 2076 ex
1108 2037 1320 2091 Meleagri
1348 2039 1560 2089 epigram-

165 2118 303 2155 mate,
357 2108 478 2160 quod
514 2108 807 2163 Anthologiae
843 2123 946 2149 suae
988 2111 1241 2161 praeposuit
1286 2109 1392 2160 (vid.
1430 2122 1561 2160 supra

165 2180 251 2220 No.
281 2181 363 2232 X.)
391 2181 467 2220 ubi
501 2195 547 2220 se
585 2185 644 2220 ait
669 2196 808 2234 pauca
846 2195 896 2221 ex
924 2184 1106 2221 maxima
1142 2184 1267 2235 eopia
1292 2180 1559 2229 Archilochi,

165 2257 288 2306 quasi
306 2263 446 2307 guttas
475 2254 683 2307 quasdam
711 2268 761 2294 ex
788 2269 968 2303 oceano,
996 2255 1214 2308 selegisse,
1244 2267 1385 2307 eaque
1404 2254 1558 2293 viden-

167 2335 237 2364 tur
261 2327 393 2366 fuisse
414 2340 625 2380 perquam
646 2326 801 2367 acerba
828 2341 910 2380 pro
936 2337 1095 2381 poetae
1121 2330 1318 2382 ingenio,
1347 2340 1446 2366 cum
1460 2327 1557 2366 Me-

164 2398 313 2451 leager
349 2413 400 2439 ea
430 2410 610 2453 propter
636 2413 820 2439 acumen
856 2410 900 2439 et
937 2403 1208 2452 asperitatem
1244 2403 1557 2439 sententiarum

167 2469 344 2510 floribus
370 2475 502 2524 spinis
533 2475 779 2513 circumsitis
798 2472 1028 2512 assimulet.
1079 2473 1167 2512 Sed
1188 2471 1343 2512 horum
1361 2475 1557 2512 omnium

167 2541 252 2582 hoc
296 2557 433 2583 unum
478 2555 646 2586 tantum
691 2557 905 2586 servatum
951 2556 1038 2594 est,
1095 2556 1139 2585 et
1180 2545 1557 2597 simplicissimum,

170 2614 293 2668 quod
326 2616 439 2655 illius
478 2619 719 2659 acerbitatis
751 2618 1054 2659 Archilochiae
1079 2631 1251 2672 prorsus
1278 2616 1388 2656 nihil
1414 2616 1560 2665 habet,

168 2701 283 2741 quae
316 2690 399 2740 ipsi
435 2695 611 2742 propria
649 2693 744 2732 fuit.
805 2693 963 2745 Neque
997 2705 1100 2731 vero
1139 2693 1291 2736 etiam,
1340 2699 1390 2728 ut
1422 2692 1562 2728 mani·

165 2761 327 2800 festum
355 2771 442 2809 est,
491 2775 542 2802 ea
569 2762 638 2803 hic
664 2765 810 2804 locum
834 2763 995 2803 habere
1020 2772 1217 2815 poterat,
1243 2771 1400 2814 utpote
1426 2764 1474 2801 in
1496 2765 1563 2801 in-
