1846 3308
658 270 726 282 ...-
795 261 893 303 219
963 271 1029 280 --

153 378 318 418 Eadem
343 378 476 431 plane
510 378 651 418 forma
678 377 853 417 dicendi
881 377 998 429 apud
1021 377 1325 431 Theognidem
1352 381 1539 417 occurrit

154 467 194 493 v.
215 459 302 505 545.
329 452 476 507 χαίρω
508 449 543 492 δ’
581 442 640 492 αὖ
668 450 803 492 πίνων
842 447 916 491 καὶ
943 445 1038 499 ,ὑπ’
1079 443 1398 508 αὗλητῆρος
1440 450 1539 494 ἂεί-

155 525 179 568 δ
190 541 271 568 ων.
300 541 343 569 et
369 545 406 569 v.
430 540 518 580 803.
546 527 636 577 πῶς
669 524 771 581 ἡμῖν
806 524 1023 581 τέτληκεν
1063 522 1133 568 ὑπ’
1173 524 1419 586 αὖλητῆρος
1456 528 1539 573 aei-

156 604 241 647 δειν
269 603 430 661 Θυμός.
483 608 548 647 Cf.
574 608 726 661 fragm.
744 613 782 654 5.
808 607 886 648 ubi
912 600 1018 663 πρὸς
1044 596 1184 646 aialim
1213 608 1380 647 dicitur.

776 883 918 928 CVII.

427 977 589 1030 noim-⁹
620 979 762 1051 ἄνδρ’
795 977 1230 1030 ἀποσκολύπτειν.-

429 1151 645 1196 Omnem
678 1147 844 1195 virum
880 1147 1099 1213 glubere.

225 1314 439 1355 Athenae.
457 1316 587 1355 L.111.
607 1331 649 1369 p.
665 1330 748 1355 122.
765 1317 812 1354 B.
840 1311 1153 1368 Κηφισόδωρος
1178 1310 1284 1366 γοῦν
1307 1308 1329 1354 ὁ
1352 1309 1541 1368 Ἰσοκρὰ·

150 1403 253 1439 τους
272 1388 353 1432 τοῦ
372 1387 550 1447 ῥήτορος
568 1390 773 1447 μαθητὴς
792 1388 834 1431 ἐν
852 1389 920 1444 τῷ
937 1388 1071 1446 τρίτῳ
1090 1389 1180 1431 τῶν
1209 1388 1313 1445 πρὸς
1333 1390 1542 1449 ’Apage-ts-

152 1465 236 1523 λην
258 1465 403 1522 λέγει,
441 1464 511 1510 ὅτι
545 1465 661 1524 εὕροι
691 1484 755 1518 τις
783 1465 838 1510 ὃν
868 1464 951 1510 ὑπὸ
979 1467 1069 1509 τῶν
1097 1458 1254 1509 ἄλλωνΙ
1287 1467 1482 1524 ποιητῶν
1513 1465 1555 1525 ἧ

151 1544 226 1588 καὶ
248 1544 444 1600 σοφιςῶν
466 1543 509 1588 ἓν
531 1543 559 1603 ἢ
578 1543 652 1588 δύο
672 1549 714 1602 γ’
734 1537 812 1589 οὖν
831 1545 1027 1603 πονηρῶς
1055 1543 1281 1603 εἰρημένα·
1323 1543 1395 1588 οἷα
1421 1543 1542 1604 παρὰ

150 1622 231 1680 μὲν
256 1621 522 1680 ’Δρχιλόχῳ
547 1622 599 1666 τὸ
625 1623 766 1666 Πάντ’
794 1619 836 1664 o’z'.
861 1621 937 1666 ἀπ.
987 1628 1171 1667 Locutio
1189 1641 1401 1680 perquam
1422 1630 1543 1667 inve-

150 1701 370 1749 recunda,
417 1715 548 1754 quam
592 1700 874 1740 Casaubonus
909 1699 956 1738 L.
976 1699 1050 1738 111.
1088 1713 1123 1738 c.
1144 1703 1207 1751 54.
1231 1713 1276 1752 p.
1299 1705 1385 1753 147.
1414 1701 1543 1740 Com-

150 1783 332 1812 mentar.
368 1774 531 1813 iudicat
568 1787 592 1812 a
627 1772 928 1825 Cephisodoro
964 1774 1079 1811 inter
1113 1782 1307 1812 veterum
1342 1773 1543 1825 improbe

152 1845 267 1884 dicta
285 1848 379 1885 iure
394 1849 549 1886 merito
569 1860 659 1885 esse
675 1849 883 1898 positam,
909 1844 1012 1885 licet
1031 1859 1126 1884 eam
1147 1845 1294 1895 aliter,
1321 1859 1406 1885 nec
1424 1856 1542 1886 recte

152 1917 426 1958 intellexerit.

252 1995 744 2041 Ἀποσκολύπτειν.
806 2001 958 2041 Iacobs
986 2001 1212 2041 Animadv.
1239 2001 1341 2041 Vol.
1367 2001 1401 2041 I.
1428 2002 1475 2041 P.
1505 2002 1541 2042 Ι.

151 2093 195 2132 p.
210 2080 292 2132 169.
316 2081 429 2121 forte
452 2075 796 2130 ἂποσκολύπτει,
824 2079 945 2132 quod
962 2089 1108 2118 tamen
1126 2091 1220 2117 non
1236 2082 1541 2128 necessarium.

152 2155 338 2211 Hesych.
367 2153 705 2197 ἂποσκόλυπτε·
737 2151 1000 2210 ἂπολέπιζε,
1033 2148 1296 2194 ἂποκόλουε.
1331 2150 1443 2205 φασὶ
1468 2152 1543 2194 καὶ

151 2229 230 2272 τὸν
250 2231 621 2290 περιτετμημένον
653 2231 705 2274 τὸ
733 2231 894 2274 αἰδοῖον
924 2228 1332 2286 ἂπεσκολυμμὲνου.
1391 2230 1543 2285 Σοφο·

154 2306 261 2363 κλῆς
291 2306 334 2351 ἐν
362 2309 534 2367 Μώμῳ.
576 2314 698 2354 Idem
725 2313 858 2353 habet
884 2315 1013 2352 etiam
1039 2310 1319 2351 Phavorinus.
1370 2311 1544 2350 similli-

154 2398 247 2424 mus
271 2390 468 2439 nequitia
498 2396 560 2426 est
583 2400 730 2427 sensus
762 2386 875 2425 illius
905 2385 993 2425 loci
1022 2383 1278 2431 Catulliani,
1317 2398 1447 2438 quem
1474 2384 1543 2422 Ia-

156 2456 259 2496 cobs
284 2457 314 2497 1,
343 2472 378 2497 c.
414 2470 659 2512 comparat,
708 2469 752 2500 et
787 2459 892 2498 inde
929 2459 1106 2497 ductum
1143 2470 1235 2496 esse
1276 2466 1435 2495 censet.
1455 2455 1544 2494 LV.

153 2528 284 2568 Nunc
308 2532 356 2568 in
390 2532 620 2582 quadriviis
658 2543 702 2572 et
739 2535 974 2585 angiportis
1011 2529 1211 2568 Glubit
1244 2531 1545 2581 magnanimos

154 2600 281 2639 Remi
304 2612 502 2653 nepotes.
554 2605 657 2644 Sine
678 2605 814 2644 dubio
843 2608 957 2644 inter
983 2605 1178 2643 convicia
1207 2600 1285 2639 hoc
1311 2601 1415 2648 fuit,
1453 2602 1549 2653 qui-

156 2672 235 2711 bus
254 2671 535 2714 Archilochus
563 2676 671 2717 filias
692 2676 935 2732 Lycambae
963 2679 1196 2716 insectatus
1228 2682 1306 2713 est.
1356 2673 1550 2712 Mettum

157 2755 206 2784 ut
224 2746 506 2797 praecedens.
