1846 3308
637 333 704 340 ..-.
774 321 874 362 ,109
942 330 1010 337 .-

127 459 173 499 p.
217 452 306 498 570.
354 441 432 494 τὰς
488 441 567 496 τῆς
617 436 763 495 τύχης
809 432 1069 495 μεταβολὰς
1121 434 1328 489 γενναίως
1385 431 1519 490 πειρῶ

129 518 281 577 φέρειν
308 519 383 563 καὶ
419 518 533 577 μήτε
571 515 779 572 εὐτυχῶν
828 511 1107 571 ὑπερήφανος
1136 511 1234 566 ἔσο,
1273 509 1388 568 μήτε
1418 510 1522 553 ἀπο-

130 598 218 655 ρῶν
245 598 459 648 ταπεινός.

725 829 923 873 XXXII.

132 925 254 988 Τοῖς
298 924 437 988 θεοῖς
482 928 611 977 τίθει
658 927 726 977 τὰ
770 927 966 977 πάντα·
1029 922 1278 982 πολλάκις
1332 922 1421 986 μὲν
1468 918 1524 971 ἐκ

960 1016 1137 1066 κακῶν

126 1108 341 1180 Ἀνδρας
378 1106 631 1180 ὀρθοῧσιν
667 1109 875 1172 μελαίνῃ
911 1106 1168 1169 κειμένους
1205 1103 1283 1156 ἐπὶ
1320 1103 1507 1168 χθονί·

132 1198 396 1257 Πολλάκις
420 1199 464 1248 δ’
482 1196 859 1266 ἀνατρέπουσι,
896 1198 986 1248 και1
1015 1197 1136 1259 μάλ’
1156 1193 1214 1246 εὖ
1239 1195 1526 1255 βεβηκότας

130 1291 365 1348 ‘Tm-[ovs
400 1289 649 1338 κλι’νουσ’·
694 1290 865 1339 ἔπειτα
901 1288 1076 1338 πολλὰ
1109 1290 1296 1354 γίνεται
1332 1284 1490 1342 κακὰ,

134 1379 237 1429 Καὶ
271 1382 393 1441 βίου
425 1379 606 1452 χρὴμη
644 1380 919 1439 πλανᾶται,
964 1379 1052 1428 καὶ
1088 1381 1211 1427 νόου
1245 1374 1527 1445 παρήορος.

609 1545 763 1584 Versio
792 1544 933 1584 Grotii
958 1546 1047 1595 456.

137 1622 394 1686 Quidquid
441 1634 538 1681 est,
583 1620 806 1669 adscribe
847 1620 1002 1668 divis:
1060 1627 1204 1682 saepe
1250 1618 1338 1682 qui
1380 1618 1528 1680 lapsu

966 1709 1105 1774 gravi

140 1802 358 1865 Erigunt
390 1818 611 1864 pressos,
658 1813 708 1849 et
742 1813 852 1849 atro
890 1801 1172 1848 sordidatos
1208 1800 1441 1862 pulvere3

139 1896 291 1954 Saepe
326 1892 621 1954 resupinant
650 1904 887 1955 putantes
924 1903 1052 1938 stare
1085 1907 1138 1937 se
1173 1890 1320 1936 firmo
1354 1890 1528 1953 gradu,

138 1983 285 2028 Unde
320 1981 471 2028 densa
507 1998 559 2029 se
594 1983 845 2028 malorum
878 1979 1144 2044 proferunt
1177 1967 1429 2036 examina,

141 2075 209 2120 Et
242 2071 392 2119 miser
423 2073 622 2135 palatur
657 2072 809 2120 orbus
846 2071 1046 2128 consili,
1094 2070 1258 2116 victus
1296 2084 1461 2135 egens.

178 2236 301 2276 (Grot.
320 2246 354 2275 p
372 2239 438 2273 437.
462 2243 536 2266 not.
557 2240 623 2271 555.
646 2234 794 2265 Bnmck
812 2234 914 2263 Anal.
936 2234 973 2263 T.
993 2234 1020 2262 1.
1043 2243 1076 2272 p.
1098 2238 1145 2270 (03.
1168 2232 1290 2273 fragm.
1308 2239 1353 2269 13.
1372 2234 1493 2264 Iacobs

642 2285 720 2314 v.01
739 2286 766 2314 1.
786 2286 822 2314 P.
840 2286 866 2313 1.
884 2283 1026 2322 p.159.)

240 2346 451 2386 stobaeus
472 2346 670 2385 Sermon.
696 2346 804 2385 CIII.
838 2359 883 2397 p.
906 2350 996 2396 559.

240 2420 374 2470 Τοῖς
401 2420 559 2470 θεοῖς
590 2420 746 2462 τίθει
774 2419 844 2461 τὰ
870 2416 1066 2461 πάντα.
1110 2422 1172 2462 Ita
1186 2422 1378 2470 Grotius,
1401 2435 1532 2474 quem

100 2503 110 2515 '
145 2500 318 2539 Brunck
352 2504 560 2554 sequitur.
618 2501 670 2540 In
698 2500 889 2540 Stobaeo
916 2500 1100 2540 Gesneri
1127 2510 1192 2539 est
1217 2495 1333 2538 τίθει
1370 2494 1532 2537 πάντα.

145 2580 454 2620 Valckenarius
490 2580 546 2619 ad
575 2579 798 2620 Theocriti
827 2578 1038 2618 Adoniaz.
1075 2591 1117 2630 p.
1148 2578 1233 2628 246.
1272 2574 1364 2620 τοῖς
1390 2573 1534 2616 θεοῖσι

146 2653 295 2696 ιπάντα
314 2654 444 2701 τίθει,
472 2659 593 2711 quod
616 2669 763 2698 tamen
782 2667 922 2697 metro
939 2666 1166 2709 repugnat.
1219 2656 1263 2694 Si
1283 2668 1412 2707 quem
1436 2657 1535 2693 arti·

150 2735 269 2774 culus
290 2745 389 2773 ante
415 2730 562 2772 πάντα
587 2734 788 2782 offendit,
816 2735 886 2774 vel
913 2737 1180 2786 transpositis
1199 2731 1338 2771 verbis
1362 2746 1459 2770 cum
1482 2732 1534 2771 cl.

148 2811 273 2867 Ilgen
290 2811 428 2865 legat:
449 2806 597 2851 πάντα
621 2808 713 2859 τοῖς
735 2809 850 2851 τίθει
875 2808 1016 2851 θεοῖσι
1037 2811 1173 2862 (Scol.
1189 2823 1253 2849 nr.
1268 2816 1330 2860 37.
1352 2823 1395 2862 p.
1411 2810 1537 2862 195),
