1846 3308
756 315 822 325 ..
868 295 992 344 ,150
1067 313 1131 323 ..-

345 426 432 468 Πα
447 441 469 482 ρ
484 425 513 466 ἃ
539 427 572 468 9
585 422 749 480 ἁμνῳ.
785 429 855 468 Sic
868 425 1143 478 Aristophan.
1162 425 1479 477 SextusEmpir.
1497 419 1651 466 strabo

256 523 301 564 p.
325 514 414 561 457.
444 508 521 548 sed
548 511 595 547 in
624 510 840 562 margine:
879 504 932 544 al.
954 498 1048 557 περὶ
1078 497 1263 558 θάμνῳ,
1302 513 1344 543 et
1371 506 1433 543 sic
1453 507 1580 542 etiam
1607 507 1655 543 in

260 584 507 627 Plutarcho.
534 636 538 638 Y
570 586 627 625 At
645 588 691 624 in
713 582 926 623 Strabone
947 595 989 634 p.
1009 586 1097 633 549.
1125 575 1219 635 περὶ
1248 574 1437 633 θάμνον.
1493 581 1657 620 Verum

264 678 361 703 cum
389 658 509 719 παρὰ
538 674 581 704 et
606 658 701 716 περὶ
738 675 868 713 saepe
897 669 1141 712 permutata
1170 661 1279 706 sint,
1336 657 1454 709 (vid.
1475 656 1658 697 Casaub.

262 739 479 780 Athenaei
501 741 792 779 Commentar.
829 739 875 777 C.
894 737 988 776 VIL·
1013 724 1055 789 p.
1080 737 1163 788 15.)
1190 746 1233 775 et
1250 730 1369 788 παρὰ
1391 748 1440 775 ex
1459 732 1662 772 observa·
1703 761 1706 764 -

265 816 386 853 tione
408 814 783 868 grammaticorum
799 810 969 863 ,absque
986 820 1127 849 motus
1147 808 1462 862 significatione
1479 809 1675 845 maxime>

268 894 555 947 accusativuhn
568 888 790 935 adsciscat,
808 895 999 938 praestat
1014 885 1198 925 fortassis
1213 884 1360 938 legere
1377 878 1472 937 περὶ
1486 878 1673 937 θάμνῳ..

266 962 368 1003 Vid.
393 962 444 1012 cl,
466 960 632 1000 Schiitz.
657 959 713 1001 ad
728 957 927 1016 Aeschyl.
946 958 998 998 T.
1019 958 1051 999 Ι.
1070 961 1118 999 in
1137 960 1250 998 notis
1271 971 1315 1010 p.
1333 970 1396 1011 79.

368 1073 420 1111 V.
452 1086 488 1112 z.
526 1063 716 1116 ’Έντος
759 1064 1066 1123 ἀμώμητον
1093 1083 1174 1122 pro
1202 1064 1322 1115 ἐντὸς
1355 1065 1396 1107 ἂ.
1423 1068 1666 1108 Brunckius

268 1148 484 1198 reposuit,
534 1147 610 1198 qui
637 1143 860 1192 observat,
908 1157 1059 1183 vocem
1092 1142 1205 1183 hanc
1237 1142 1445 1198 singulari
1480 1155 1666 1181 numero

269 1238 422 1277 parum
447 1225 671 1274 usurpari,
707 1216 833 1261 ἔντεα
860 1236 962 1263 vero
987 1221 1102 1275 apud
1119 1231 1273 1274 poetas
1292 1234 1384 1261 esse
1407 1220 1670 1273 frequentis-

270 1308 440 1345 simum.
492 1300 737 1344 Eustathius
767 1295 1010 1358 ἀμώμητον
1036 1313 1164 1356 supra
1182 1313 1261 1356 per
1285 1289 1513 1352 ἄχραντον
1537 1299 1674 1336 inter-

274 1387 484 1430 pretatur.
531 1403 535 1408 ·

375 1471 428 1510 V.
448 1479 488 1518 5.
534 1472 664 1512 Hunc
689 1455 859 1512 versum
883 1469 1061 1524 quidam
1086 1477 1272 1508 assumto
1299 1468 1427 1506 initio
1452 1467 1674 1521 sequentis

277 1559 329 1586 ex
347 1543 638 1597 Aristophane
662 1545 832 1598 explent
847 1573 861 1594 ,
889 1558 983 1584 non
1004 1544 1180 1597 cognito
1200 1540 1301 1580 loco
1322 1540 1437 1579 Sexti
1453 1539 1673 1591 Empirici,

278 1628 362 1663 sic:
391 1618 555 1676 ψυχὴν
586 1618 621 1661 δ’
652 1612 877 1668 ἐξεσάωσα
906 1617 1081 1674 φυγών.
1142 1619 1229 1659 Sed
1248 1618 1355 1658 haec
1374 1631 1468 1658 non
1490 1631 1580 1657 esse
1599 1618 1679 1657 Ar·

283 1696 485 1743 chilochi,
514 1707 635 1748 patet
665 1711 715 1737 ex
733 1695 978 1745 scholiaste,
1009 1697 1085 1750 qui
1105 1702 1272 1734 tantum
1297 1689 1514 1732 distichon
1528 1689 1679 1730 Archi·

281 1768 402 1810 lochi
425 1783 517 1809 esse
537 1770 656 1811 dicit.

385 1867 650 1917 Θανάτου
700 1869 878 1922 τέλος.
939 1876 1023 1917 Pro
1057 1869 1255 1913 θάνατον
1293 1870 1681 1932 circunilocutione

283 1955 426 2005 poetis
456 1951 509 1991 ab
538 1952 732 1994 Homero
762 1956 848 1992 iam
875 1953 1237 2006 frequentissima.
1297 1950 1428 1990 Hom.
1456 1947 1506 1987 11.
1539 1959 1566 1988 ι.
1592 1951 1683 1998 415.

286 2019 385 2070 οὐδὲ
415 2025 464 2069 κέ
494 2030 540 2083 μ’
570 2015 668 2068 αἴκα
696 2024 825 2078 τέλος
845 2025 1049 2070 θανάτου
1077 2040 1129 2082 γε
1158 2021 1321 2081 κιχείη.
1357 2030 1462 2066 item
1479 2025 1527 2065 11.
1545 2036 1578 2065 ε.
1594 2029 1684 2072 555.

287 2119 340 2160 χ.
362 2109 450 2155 561.
483 2108 636 2163 Odys&
659 2119 706 2145 w·
729 2113 814 2154 125.
867 2109 937 2148 Sic
966 2111 1095 2147 etiam
1115 2105 1333 2146 Hesiodus
1347 2095 1475 2156 ’Έργι
1501 2103 1585 2147 165-
1603 2102 1686 2141 Ae·

289 2185 420 2239 schyl.
446 2187 596 2239 Suppl.
627 2201 663 2226 v.
685 2194 774 2239 906.
836 2186 1017 2225 Inservit
1047 2197 1225 2237 quoque
1248 2175 1376 2238 τέλος
1405 2189 1448 2218 et
1477 2178 1580 2217 alias
1607 2181 1687 2217 cir-

291 2261 618 2302 cumlocutioni.
672 2264 741 2300 Sic
768 2261 886 2300 idem
917 2259 1070 2300 Aesch.
1099 2248 1248 2311 Suppl.
1276 2272 1314 2299 v.
1336 2262 1403 2308 49.
1433 2250 1503 2296 διὰ
1533 2249 1687 2307 μάχης

291 2328 385 2393 ἥξω
411 2333 581 2386 τέλους.
605 2351 646 2390 et
663 2341 787 2383 Eum,
807 2353 845 2377 v.
855 2342 943 2389 431.
969 2331 1109 2383 αἰτίας
1129 2330 1259 2383 τέλος
1276 2349 1356 2388 pro
1379 2329 1515 2375 αἰτία.
1538 2343 1581 2373 et
1597 2333 1687 2385 726.

293 2411 411 2473 δίκης
439 2410 567 2461 τέλος
596 2430 677 2468 pro
708 2411 803 2468 δίκη
832 2396 1014 2454 dicitur.

383 2520 435 2563 V.
448 2523 486 2570 4.
503 2514 553 2556 'A
569 2514 690 2566 σπὶς
715 2514 805 2559 ἐκε
819 2513 865 2556 ἰν
881 2508 1171 2573 η”Εῤῥέτω.
1194 2515 1691 2566 Homericum.11.t.577.

290 2590 440 2636 Ἀλλὰ
471 2590 629 2648 ἕκηλος
656 2590 859 2651 Ἐῤῥὲτω.
885 2599 990 2636 item
1018 2606 1058 2633 υ.
1085 2610 1123 2636 v.
1144 2599 1233 2648 549.
1259 2595 1413 2650 Odyss.
1441 2605 1473 2632 ε.
1505 2602 1591 2656 139.
1619 2614 1621 2616 v

388 2697 676 2754 Ἐξαΰτις,
722 2719 771 2748 ut
810 2723 940 2762 supra
984 2709 1135 2763 fragm.
1165 2711 1229 2758 48.
1273 2719 1395 2745 more
1430 2706 1578 2744 ionico
1612 2715 1693 2755 pro

298 2776 490 2832 ἐξαῦθις.
542 2786 612 2826 Sic
633 2795 676 2826 et
697 2786 926 2835 Homerus.
954 2786 1151 2826 Muretus
1171 2785 1200 2824 l.
1225 2798 1259 2823 c.
1289 2771 1317 2835 ἦ
1345 2770 1513 2830 αὖθις.-
