1846 3308
680 277 1052 326 ...213-

774 408 944 452 XCIX.

442 503 567 564 Πῶς
610 500 867 574 ἆπέπρησε
909 501 1006 561 τὰν
1053 502 1266 553 σκύταν.

442 670 710 738 Quomodo
743 668 935 717 adussit
970 681 1132 734 caput.

262 840 453 880 Erotian.
479 851 519 878 v.
548 830 712 876 σκύτα·
745 833 797 876 τὸ
820 828 994 891 μεταξὺ
1014 833 1104 876 τῶν
1127 834 1342 877 τενόντων
1372 831 1445 875 καὶ
1472 832 1553 876 τοῦ

161 913 399 972 τραχήλου
427 937 483 946 -
511 911 584 955 καὶ
613 911 890 970 ’Δρχὶλοχος
920 910 1088 968 λέγων·
1126 912 1229 962 Πῶς
1260 911 1300 953 ἂ.
1329 927 1370 953 τ.
1404 924 1474 953 on.
1500 915 1556 953 Et

163 994 368 1048 deinceps
398 998 560 1050 pergit:
597 990 707 1043 τινὲς
741 990 784 1034 δέ
815 991 928 1046 φασι
952 985 1096 1034 onom
1126 988 1340 1045 λέγεσθαι
1367 987 1445 1032 τὸν
1478 1004 1558 1030 νω·

160 1070 301 1113 τιαῒον
320 1068 509 1125 μυελόν·
540 1070 579 1112 οἱ
600 1069 644 1111 δὲ
665 1067 716 1112 τὸ
741 1069 863 1112 ἰνίον·
894 1070 933 1112 οἱ
955 1068 999 1111 δὲ
1022 1067 1098 1110 τὸν
1121 1060 1292 1123 μεταξὺ
1313 1066 1393 1110 τοῦ
1416 1064 1555 1122 μετώ-

159 1161 245 1190 που
268 1145 341 1189 καὶ
361 1147 450 1190 τῶν
473 1143 652 1203 ὀφρύων
680 1147 817 1190 τόπον
832 1177 843 1195 ,
884 1143 989 1203 ὅπερ
1022 1145 1268 1189 ἐπισκύνιον
1301 1144 1527 1200 καλοῦμεν
1543 1158 1556 1169 ·

159 1224 268 1277 τινὲς
290 1223 334 1267 δὲ
356 1223 500 1267 σκὺτα
525 1220 645 1268 εἶπον
667 1224 719 1268 τὸ
741 1226 816 1280 τῆς
837 1223 1040 1282 κεφαλῆς
1058 1224 1208 1282 δέρμα,
1230 1227 1331 1279 παρ’
1354 1219 1381 1266 ὃ
1404 1220 1476 1265 καὶ
1500 1221 1555 1264 τὸ

158 1306 282 1358 (mal.
311 1300 366 1359 ἦ)
392 1301 551 1350 σκῦτος
578 1299 757 1358 εἴρηται.
809 1307 869 1346 Ex
896 1305 959 1346 his
988 1315 1189 1359 apparet,
1228 1307 1555 1358 grammaticum

158 1382 297 1432 ipsum
318 1392 410 1419 11011
429 1383 527 1419 satis
549 1378 750 1419 habuisse
781 1383 999 1433 cognitam
1026 1380 1142 1417 vocis
1173 1376 1551 1430 significationem,

158 1456 247 1493 sive
266 1467 395 1507 quam
414 1463 580 1506 partem
601 1456 749 1505 capitis
771 1452 964 1493 denotet.
1015 1452 1131 1490 Hinc
1152 1449 1224 1489 alii
1255 1450 1443 1498 collum,
1480 1449 1555 1489 alii

156 1534 298 1584 ipsum
337 1542 466 1584 caput
502 1530 766 1570 intellexere.
831 1529 985 1569 Galen.
1015 1522 1183 1568 σκύτα·
1222 1523 1283 1566 τὰ
1321 1522 1441 1566 κατὰ
1470 1522 1553 1578 τὴν

157 1603 407 1648 σκυταλίδα
432 1603 511 1648 τοῦ
542 1597 745 1661 αὖχένος.
773 1606 957 1662 I-Iesych.
987 1598 1151 1645 σκύτα·
1192 1600 1270 1644 τὸν
1301 1599 1553 1659 τράχηλον.

129 1681 357 1727 .Σικελοι’.
386 1698 429 1728 et
461 1701 499 1727 v.
529 1679 691 1739 σκύτη·
733 1678 930 1736 κεφαλή.
989 1683 1170 1724 Addunt
1210 1685 1466 1733 interpretes
1502 1695 1558 1720 ex’

156 1766 300 1806 Psello
326 1766 409 1806 Ms.
438 1760 604 1806 σκύταν
635 1757 768 1803 καλεῖ
792 1757 872 1814 τὴν
903 1755 1110 1814 κεφαλὴν
1151 1754 1378 1806 πολλάκις
1403 1753 1550 1798 Ἱππο-

159 1837 334 1898 κρόνε-ης.

266 1938 587 1997 ’Δπέπρησε.
658 1940 896 1996 Hesychius
933 1936 1178 1992 ἂπέπρησεν
1204 1953 1284 1992 per
1310 1931 1552 1991 ἀπεδάκρυ-

157 2035 255 2068 σεν,
284 2015 590 2074 ἂπεφὺσησεν,
620 2014 895 2071 ἂπεμάρανεν
925 2021 1126 2070 exponit,
1153 2016 1231 2057 sed
1252 2016 1372 2056 nulla
1398 2015 1551 2055 harum

156 2096 520 2152 significationum
536 2093 621 2132 huc
638 2093 781 2133 facere
800 2092 981 2131 videtur.
1034 2091 1149 2130 Hinc
1163 2093 1301 2143 potius
1319 2093 1551 2132 notionem

159 2167 445 2211 comburendi
478 2167 563 2206 huc
591 2169 822 2206 convenire
856 2164 1028 2211 iudico,
1063 2167 1110 2202 in
1148 2177 1234 2215 qua
1271 2162 1323 2202 ab
1353 2163 1547 2202 Homero

158 2242 370 2301 ἑμπρὴθω
398 2245 466 2284 vel
492 2239 711 2296 ἐνιπρὴθω
732 2244 902 2292 saepius
922 2239 1164 2280 adhibetur.
1185 2241 1233 2280 Π.
1255 2253 1283 2279 ι.
1306 2254 1341 2279 v.
1360 2245 1449 2287 585.
1473 2234 1548 2277 καὶ

158 2320 394 2380 ἐνέπρηθον
426 2316 543 2374 μέγα
573 2313 669 2369 ἅςυ.
698 2324 802 2359 item
830 2317 881 2356 ΙΙ.
911 2328 947 2355 ν.
983 2323 1127 2363 ν.5Ζο.
1162 2317 1212 2356 11.
1248 2329 1285 2357 ο.
1322 2331 1362 2358 v.
1381 2321 1468 2367 507.
1504 2324 1548 2355 et

156 2400 372 2453 Aristoph.
399 2397 517 2450 Νεφ.
546 2404 634 2450 598.
685 2397 742 2436 At
771 2392 1024 2434 Eustachius
1054 2398 1101 2433 in
1127 2395 1321 2435 Erotiani
1349 2391 1543 2439 vocibus,

160 2487 271 2528 quae
293 2473 411 2526 apud
430 2473 738 2525 Hippocratem
760 2476 883 2514 sunt,
911 2466 1046 2507 latine
1063 2470 1191 2508 versis
1211 2469 1407 2507 Venetiis
1434 2465 1543 2510 1566.

157 2553 310 2606 legisse
337 2550 506 2589 videtur
531 2542 740 2599 ἀπέπρισε
767 2544 820 2584 ab
847 2539 1073 2599 ἂποπρίζω
1099 2545 1168 2585 vel
1192 2540 1384 2598 -πρίω;
1419 2545 1546 2582 vertit

159 2632 294 2667 enim:
324 2625 560 2679 Quomodo
579 2628 715 2664 secuit
735 2621 816 2662 τὰν
839 2615 1020 2661 σκύταν.
1045 2622 1242 2660 Occurrit
1259 2618 1343 2659 hoc
1364 2617 1545 2659 verbum

159 2705 204 2740 in
226 2713 284 2752 19.
309 2703 614 2754 epigrammate
636 2699 851 2738 Ammiani
870 2694 997 2735 Anal.
1012 2695 1064 2733 T.
1087 2694 1138 2732 ΙΙ.
1167 2708 1208 2745 p.
1226 2694 1323 2739 588:

232 2770 318 2814 ‘'Hv
348 2765 482 2823 οὐδεὶς
509 2771 588 2829 μὲν
619 2769 813 2826 ὕφηνεν,
844 2766 1050 2827 ἂπέπρισε
1081 2765 1113 2808 δ’
1146 2764 1172 2822 ἢ
1202 2764 1460 2821 πελεκήσας.
