1846 3308
179 807 236 865 E
363 807 409 862 P
536 802 597 862 O
720 802 785 859 D
925 800 983 861 O
1103 802 1165 857 R
1301 804 1363 861 U
1500 806 1576 863 M

391 938 1359 987 FRAGMENTA.

766 1181 974 1226 *LVIIIL

399 1263 563 1338 Αἶνός
598 1274 672 1336 1⁴15
704 1274 1000 1347 ἀνθρώπων
1034 1277 1146 1327 ὅδε·

243 1373 334 1432 Ὡς
364 1370 446 1442 ἄρ’
483 1365 701 1431 ἀλώπηξ
737 1368 924 1436 κᾴετὸς
962 1365 1206 1432 ξυνωνίην

290 1469 294 1473 ’
387 1460 629 1512 ’Έθεντα
694 1486 762 1498 -
825 1484 896 1497 -
960 1486 1030 1498 -

400 1631 539 1676 Haec
584 1626 717 1674 inter
762 1625 993 1674 homines
1039 1625 1211 1673 fabula
1258 1638 1354 1676 est:

251 1719 538 1783 Aliquando
583 1718 761 1780 vulpes
809 1730 959 1780 atque
994 1717 1158 1780 aquila
1194 1719 1508 1767 consort'iurn

399 1807 573 1858 Iniere.
642 1833 711 1844 —
778 1835 847 1844 —-
914 1835 982 1843 —

296 1972 467 2011 (Brunck
496 1973 533 2001 Τ.
555 1972 583 2001 1.
626 1981 661 2010 p.
683 1971 731 2008 46.
762 1969 805 2001 fr.
825 1977 872 2007 38.
905 1971 1026 2000 lacobs
1053 1970 1131 2000 Vol.
1154 1972 1180 2000 1.
1209 1973 1244 2001 P.
1265 1973 1291 2002 L
1320 1983 1352 2011 p.
1374 1974 1462 2013 173·)

279 2038 534 2077 Ammonius
572 2035 627 2074 de
662 2033 893 2075 Different.
925 2049 962 2074 v.
992 2025 1109 2080 αἶνος
1142 2030 1218 2074 ’καὶ
1257 2034 1495 2092 παροιμία·
1523 2061 1579 2071 -.

182 2109 205 2154 ὁ
227 2108 307 2168 μὲν
329 2111 414 2167 γὰρ
439 2103 554 2162 αἶνός
581 2108 640 2161 ἐςι
663 2105 798 2165 λόγος
824 2105 942 2150 κατὰ
965 2107 1236 2166 ἂναπόλησιν
1258 2112 1454 2169 μυθικὴν
1477 2111 1580 2156 &20¹-

181 2203 272 2246 γων
293 2187 418 2247 ζώων
442 2184 470 2245 ἦ
493 2185 651 2241 φυτῶν
682 2185 787 2244 πρὸς
815 2184 1074 2244 ἀνθρώπους
1109 2187 1349 2248 εἰρημένος,
1382 2187 1439 2242 α’ἷς
1469 2192 1580 2249 φησι

181 2265 364 2316 Λούκιος
377 2263 593 2324 Ταῤῥαῖσς
612 2264 654 2307 ἐν
677 2261 838 2322 πρώτῳ
858 2266 1129 2321 Παροιμιῶν.
1161 2263 1252 2310 οἷον
1274 2266 1359 2311 ἀπὸ
1384 2268 1579 2326 ἀλόγων,

183 2343 240 2394 ὡς
256 2347 358 2402 παρ’
390 2332 656 2401 Ἀρχιλόχῳ
671 2357 681 2367 ·
710 2337 930 2395 Αἶνόζτις
953 2358 992 2385 κ.
1013 2359 1053 2385 τ.
1076 2342 1119 2385 λ.
1175 2349 1422 2390 Occurrunt
1447 2352 1581 2391 iidem

187 2439 331 2465 versus
366 2428 414 2463 in
444 2422 617 2463 scholiis
650 2424 891 2464 minoribus
924 2424 980 2464 ad
1009 2425 1162 2480 Odyss.
1191 2415 1231 2472 ξ.
1268 2442 1307 2466 ν.
1338 2434 1426 2481 509.
1466 2432 1582 2482 apud

182 2501 373 2543 Eustath.
393 2501 442 2542 11.
469 2497 512 2541 λ.
543 2503 593 2542 Τ.
614 2503 666 2542 11.
686 2517 726 2555 p.
746 2509 836 2551 885,
864 2507 902 2554 4.
926 2513 970 2542 et
986 2503 1037 2542 T.
1057 2503 1132 2543 III.
1159 2518 1202 2556 p.
1228 2506 1348 2558 ¹763»,
1368 2507 1431 2546 61.
1462 2508 1580 2558 apud.

185 2575 458 2627 Apostolium
487 2579 534 2614 in
563 2576 745 2628 praefat.
777 2590 820 2627 p.
844 2589 881 2614 2.
933 2575 1239 2630 Fragmentum
1272 2589 1415 2617 autem
1448 2580 1581 2631 epodi

187 2661 279 2688 esse
298 2646 492 2696 videtur,
521 2651 590 2687 cui
619 2648 786 2701 aliquid
813 2658 862 2687 ut
893 2654 1164 2700 prooemium
1183 2654 1464 2703 praemissum
1485 2653 1579 2700 fuit,

187 2725 299 2761 sicut
332 2719 380 2759 fit
413 2723 459 2759 in
488 2723 688 2772 sequenti
717 2721 987 2774 fragmento,
1035 2732 1079 2761 et
1115 2726 1354 2761 constitisse
1390 2723 1581 2764 versibus

190 2794 404 2842 trimetris,
433 2791 628 2830 subiecto
652 2791 852 2841 dimetro,
883 2794 1031 2846 quales
1053 2804 1153 2833 sunt
1172 2795 1316 2847 plures
1337 2797 1467 2848 epodi
1490 2798 1581 2836 Ho-

1021 2866 1055 2902 L
