1846 3308
700 298 1043 346 ...31-

267 423 322 470 11)
359 421 452 462 vid.
496 422 760 471 Hephaest.
803 421 938 470 fiagm.
964 427 1022 466 75.
1086 423 1392 461 Victorinus
1424 425 1471 462 L.
1496 426 1566 463 111.

172 505 215 544 Ρ.
237 492 343 534 2562.
381 491 487 526 Idem
504 489 762 527 Archilochus
781 489 1007 542 penultimi·
1028 490 1139 525 heroi
1160 491 1373 527 hexametri
1393 492 1569 541 partibus

176 559 322 596 adiecta
350 557 494 606 syllaba
513 556 740 592 huiusmodi
754 570 908 592 versum
929 557 1104 598 induxit,
1139 559 1208 607 qui
1225 569 1348 595 metro
1366 559 1567 608 phalaecio

174 627 218 664 id
244 637 301 663 est
329 625 515 662 trochaeis
545 624 695 660 ultimis
725 624 935 666 clauditur,
976 635 1020 660 ut
1040 635 1115 660 est·
1154 628 1207 661 At
1233 626 1323 661 tuba
1355 627 1567 663 terribilem

175 695 348 733 sonitum
368 693 472 729 dedit
491 705 570 728 aere
590 704 751 728 canoro:
780 693 929 729 adiecto
949 692 1053 728 enim
1073 703 1156 728 ante
1173 693 1332 729 ultimos
1348 693 1460 743 pedes
1485 708 1500 730 s
1512 695 1566 730 ed

171 762 319 812 syllaba
352 760 435 796 fiet:
478 773 559 796 aere
594 760 659 796 sed
690 772 852 801 canoro;
892 760 998 808 quod
1030 771 1087 796 est
1115 771 1281 797 metrum
1313 761 1564 810 phalaecium.

174 835 313 868 {uncto
330 828 439 865 omni
457 826 523 863 fiet
539 840 675 864 versus
694 826 941 862 huiusmodi:
972 829 1024 863 At
1044 827 1135 863 tuba
1158 828 1370 865 terribilem
1392 832 1564 866 sonitum

174 899 279 936 dedit
297 910 379 933 aere
397 895 462 932 sed
484 908 641 933 canoro.
672 882 805 942 VQuod
831 893 989 942 quidam
1022 895 1368 934 hexametrum
1400 899 1565 934 heroi-

169 981 279 1006 cum
310 982 361 1003 τε
373 981 392 1014 ρ
404 977 537 1002 nra-oe
548 979 568 1000 υ
579 967 603 999 λ
614 967 669 999 λα
680 969 703 1009 β
714 964 755 1006 ἐς
787 961 979 999 dixerunt.
1010 963 1092 999 vid.
1119 947 1235 1000 eti'ain
1267 978 1307 1014 Ρ.
1325 973 1431 1009 2550.
1459 973 1565 1011 2588.

168 1038 264 1073 item
281 1032 472 1070 Plutarch.
492 1032 539 1068 T.
556 1032 606 1066 X.
633 1045 671 1080 Ρ.
691 1031 772 1074 680.
792 1030 837 1065 de
857 1031 1029 1072 Musica,
1057 1042 1093 1068 et
1108 1031 1208 1068 infra
1229 1033 1395 1078 §.X1V,
1422 1033 1459 1070 6.
1496 1035 1567 1069 At·

168 1101 413 1140 chilochium
433 1111 548 1136 vocat
568 1099 644 1135 hoc
660 1110 827 1135 metrum
846 1100 1003 1135 Servius
1025 1111 1066 1147 Ρ.
1086 1104 1189 1142 1325.
1218 1088 1403 1137 Diomed.
1426 1115 1463 1150 p.
1482 1110 1564 1144 510.

166 1170 319 1207 Plotius
354 1183 391 1218 Ρ.
413 1168 522 1211 2665.
571 1167 699 1203 Huius
728 1168 844 1203 metri
874 1168 988 1203 etiam
1016 1167 1197 1202 meminit
1224 1177 1263 1204 et
1288 1169 1455 1205 aucton's
1481 1169 1564 1206 eius

168 1238 313 1277 Atilius
335 1235 631 1272 fortunatianus
649 1248 687 1284 p.
708 1235 814 1279 2682.
832 1244 937 1278 2701.

261 1322 305 1367 i)
345 1318 614 1368 Hephaest.
645 1317 729 1354 vid.
762 1317 896 1366 fragm.
919 1327 976 1362 77.
1020 1319 1175 1354 Servius
1210 1333 1251 1368 p.
1282 1319 1385 1364 1826.
1425 1320 1564 1356 Archi-

168 1389 345 1440 lochia-m
387 1393 535 1424 constat
573 1386 869 1436 penthemimeri
891 1386 1089 1434 ‘dactylico
1124 1398 1160 1422 et
1195 1387 1360 1423 dimetro
1391 1388 1562 1424 iambico

169 1441 394 1497 acatalecto,
438 1466 483 1490 ut
524 1465 579 1490 est
618 1454 713 1490 hoc:
760 1453 892 1490 Sidera
929 1465 1065 1490 cuncta
1107 1456 1253 1491 micant
1293 1455 1427 1490 decore
1462 1456 1584 1514 lueis,

171 1538 298 1563 alueo.
345 1525 439 1560 item
465 1522 650 1561 Diomed.
676 1536 717 1571 p.
741 1529 824 1566 510.
869 1522 1018 1559 Plotius
1043 1536 1079 1572 p.
1100 1523 1205 1559 2662.
1251 1522 1347 1560 Atil.
1377 1524 1564 1560 Fortuna-

170 1593 294 1629 tianns
324 1606 362 1642 Ρ.
380 1592 485 1636 2684.
1544 1574 1565 1637 2

258 1670 314 1716 k)
346 1670 549 1719 Hephaest.
578 1683 616 1719 Ρ.
638 1679 695 1714 27.
722 1679 760 1705 et
776 1675 834 1714 43.
880 1669 963 1706 vid.
990 1669 1125 1719 fragm.
1145 1676 1201 1714 47.
1233 1682 1270 1705 et
1293 1675 1352 1715 85.
1405 1670 1560 1705 Servius

170 1753 211 1789 Ρ.
230 1745 332 1783 1325.
361 1735 656 1774 Archilochium
687 1748 835 1773 constat
866 1736 1110 1786 partheniam
1146 1738 1198 1784 (l.
1218 1738 1485 1787 paroemiaco)
1523 1748 1560 1773 et

171 1805 456 1855 Ithyphallico,
488 1815 532 1840 ut
555 1816 610 1840 cst
634 1805 728 1840 hoc:
764 1805 964 1841 Remeavit
986 1805 1032 1841 ab
1059 1817 1140 1840 arce
1166 1816 1349 1853 tyrannus
1381 1805 1558 1841 vultibus

171 1873 351 1909 cruentis.
385 1873 479 1907 item
498 1872 683 1910 Diomed.
701 1886 740 1922 p.
759 1879 840 1917 514.

260 1956 303 2001 l)
335 1955 485 1994 Victo
497 1955 590 1991 rin.
616 1969 655 2004 Ρ.
675 1963 776 1999 1550.
803 1968 863 1994 ex.
881 1969 939 2006 gr.
980 1958 1061 2006 Age
1090 1968 1194 1992 nunc
1220 1956 1378 1992 comites
1406 1954 1561 1990 :rabidae

170 2023 332 2073 Cybeles
351 2033 492 2058 vocant
508 2023 647 2058 choros
668 2023 714 2058 ad
732 2036 823 2060 aras.
846 2034 883 2060 et
898 2038 939 2073 Ρ.
958 2031 1061 2070 1533.

261 2110 326 2154 m)
351 2107 456 2142 Idem
472 2106 631 2148 ibidem,
660 2101 767 2143 cuius
787 2108 1024 2157 exemplum:
1047 2108 1129 2154 Age
1148 2117 1250 2140 nunc
1270 2104 1440 2145 comite-‘u
1466 2103 1561 2140 fert&

166 2189 275 2213 sacra
290 2174 454 2212 Baccho.

261 2257 313 2300 n)
344 2253 439 2291 Atil.
461 2254 755 2291 Fortunatianns
773 2256 816 2290 in
833 2257 923 2291 Arte
939 2267 979 2304 Ρ.
996 2252 1089 2295 2650
1106 2262 1143 2287 et
1158 2258 1217 2296 30.
1237 2249 1282 2287 dc
1302 2263 1415 2287 versu
1434 2252 1560 2287 Satur-

169 2321 285 2358 nino:
315 2322 430 2371 Apud
445 2322 724 2360 Archilochum
745 2323 904 2369 (inveni
921 2322 991 2358 tale
1008 2322 1173 2370 genus):

248 2375 251 2379 ”
390 2391 512 2438 Quem
535 2404 617 2427 non
638 2391 798 2427 rationis
824 2401 1014 2439 egentem,
1038 2411 1083 2417 -
1106 2398 1162 2424 et:

390 2457 578 2495 Consulto
601 2459 781 2507 producit
802 2472 912 2499 eum,
944 2469 1022 2507 quo
1046 2457 1098 2493 sit
1119 2454 1396 2505 impudentior.

172 2524 419 2562 Gmmmatici
448 2539 601 2562 vernum
632 2527 881 2563 Saturninum
912 2525 1002 2561 alias
1030 2523 1199 2560 iambico
1228 2523 1393 2559 dimetro
1427 2520 1557 2557 catale-

174 2591 273 2626 ctico
301 2604 338 2628 et
361 2593 620 2642 Ithyphallico
646 2606 815 2631 constare
840 2595 998 2635 docent,
1033 2593 1142 2629 cuins
1166 2592 1242 2627 hoc
1260 2590 1476 2639 exemplum
1496 2589 1557 2624 ad.-

172 2658 318 2694 ferunt:
357 2661 506 2697 Malum
536 2662 680 2699 dabunt
707 2662 861 2699 Metelli
886 2662 1036 2700 Naevio
1063 2671 1205 2710 poetae.
1253 2659 1312 2695 Cf.
1342 2657 1555 2694 casaubon.

172 2726 219 2761 de
238 2727 348 2765 Poesi
375 2730 527 2776 satyric.
554 2744 596 2779 Ρ.
616 2740 694 2775 177.
722 2741 759 2766 et
784 2730 842 2766 ibi
860 2729 1088 2766 Rambaehii
1114 2738 1195 2763 not.
1216 2726 1259 2762 C.
1285 2727 1330 2760 in
1350 2725 1485 2773 primis
1506 2723 1555 2762 cl.

171 2794 433 2830 Hermannum
450 2796 493 2831 de
512 2798 646 2833 Men-is
672 2800 717 2837 L.
737 2799 809 2835 ΙΙΙ.
841 2798 873 2842 §.
897 2799 965 2834 IX.
999 2811 1037 2845 Ρ.
1059 2802 1127 2838 400
1151 2806 1186 2829 et
1204 2802 1371 2841 sequent.
