1846 3308
783 255 1122 305 *56-

253 390 375 425 tione
398 389 457 425 sic
476 386 654 432 dictum,
685 401 769 440 qua
784 386 975 426 Bacchus
995 384 1152 432 Λυαῖος
1183 398 1225 427 et
1253 383 1514 442 Λυσιμέλης.
1542 392 1651 432 Tze-

253 476 352 503 tzeS.
374 464 565 517 Sappho.
584 465 765 505 Veteres
778 464 1063 506 Athenienses
1083 469 1142 505 sic
1161 460 1237 505 τὸν
1260 457 1454 519 ἄκρατον
1476 482 1650 508 vocasse

256 539 403 579 scribit
421 541 647 593 Apollonii
667 544 877 593 interpres
896 542 957 591 (L.
973 541 1005 580 Ι.
1032 555 1069 580 ν.
1087 545 1192 595 475.)
1220 539 1501 596 χαλίκρητον
1521 541 1652 597 μέθυ,

257 623 464 653 temetum
491 616 592 653 vino
625 624 935 665 temperatum,
962 614 1008 653 id
1028 625 1112 664 est,
1140 630 1360 656 meracum
1382 627 1448 666 et,
1486 628 1535 657 ut
1565 619 1652 658 ele-

259 693 502 743 gantissime
529 695 587 730 ait
611 692 667 731 D.
697 693 884 731 Ioannes
916 696 959 731 in
993 693 1276 748 Apocalypsi:
1317 685 1446 741 Οἶνος
1478 708 1652 750 κεκερα-

259 763 413 820 σμένος
435 759 638 821 ἄκρατος.
665 770 873 821 Apollon.
903 766 998 808 πῖνε
1022 765 1303 824 χαλίκρητον
1330 766 1466 826 λάρον
1492 769 1653 826 μέθυ.“

260 846 444 886 Casaub.
473 847 502 885 Ι.
524 861 558 885 c.
588 847 733 900 Atque
751 850 812 886 sic
832 850 961 886 etiam
981 848 1287 903 lexicographi.
1308 851 1491 905 Hesych.
1519 840 1654 903 χαλι-

259 936 447 976 κρατον·
491 917 730 978 εὔκρατον,
764 916 974 979 ἄκρατον.
1033 924 1185 967 suidas
1215 942 1253 967 v.
1281 922 1422 979 χάλις
1450 922 1493 968 et
1519 924 1654 981 χαλί·

261 1015 431 1056 κρητος.
507 1004 692 1059 Etymol.
721 1005 782 1043 M.
821 1017 860 1043 v.
896 997 1168 1056 χαλίφρων·
1222 1024 1275 1032 -
1323 1001 1466 1057 χάλις
1504 1004 1590 1060 γὰρ
1632 1003 1653 1047 ὁ

261 1073 452 1133 ἄκρατος
484 1072 595 1127 οἶνος
624 1077 744 1133 παρὰ
774 1076 825 1119 τὸ
858 1076 1016 1134 χαλᾷν
1048 1076 1121 1119 καὶ
1154 1077 1316 1120 ἀνιέναι
1343 1078 1548 1136 ἀραρυίας
1576 1080 1656 1131 τὰς

263 1154 437 1213 φρένας.
465 1160 649 1198 Nicand.
669 1158 956 1212 Alexipharm.
980 1173 1089 1211 v.29.
1115 1152 1202 1196 Οἷα
1225 1154 1656 1213 χαλιχραίηνύχιος

263 1223 582 1289 δεδαμασμένος
613 1230 717 1288 osv-q.
744 1239 813 1276 An
841 1250 935 1276 non
962 1235 1032 1279 hic
1055 1237 1293 1291 legendum
1310 1260 1361 1266 —
1386 1231 1654 1292 χαλικρὴτῳ

263 1306 415 1367 νύχιος
445 1309 765 1368 δεδαμασμένος
794 1307 922 1365 οἴνςυῗ

361 1414 499 1455 Ibid.
533 1424 584 1453 et
603 1428 639 1453 2.
667 1409 826 1458 Μέθυ,
858 1402 977 1461 ‘si-v,
1010 1428 1059 1455 ex
1079 1415 1387 1456 emendatione
1408 1418 1657 1459 Casauboni

262 1507 341 1547 pro
379 1488 585 1546 μεθύων,
619 1493 740 1547 quod
768 1496 815 1532 in
840 1493 1067 1535 Athenaeo
1099 1503 1174 1532 est.
1212 1481 1271 1531 αῗν
1299 1508 1401 1553 vero
1431 1496 1487 1535 ad
1513 1497 1653 1548 plura,

265 1585 378 1623 quae
392 1581 733 1623 praecesserunt,
744 1572 1039 1618 referendum;
1061 1573 1187 1612 forte:
1209 1567 1366 1612 πολλὰ
1378 1568 1458 1626 μὲν
1475 1568 1654 1626 φαγὼν,

426 1643 611 1687 Πολλὸν
644 1643 686 1688 δὲ
714 1644 849 1688 πίνων
880 1643 953 1687 καὶ
984 1662 1034 1702 χ.
1066 1663 1112 1703 μ.

264 1721 385 1760 Haec
423 1725 538 1761 enim
571 1737 702 1775 saepe
748 1726 981 1763 coniuncta
1014 1726 1221 1763 invenias.
1285 1726 1355 1764 Sic
1383 1724 1500 1777 apud
1524 1725 1658 1765 Athe—

263 1811 360 1837 nae.
390 1799 436 1837 L.
456 1799 512 1838 X.
543 1814 586 1852 p.
606 1805 694 1852 415.
727 1800 782 1840 de
801 1801 1111 1841 Timocreonte
1131 1800 1331 1842 Rhodio:
1359 1798 1527 1842 Πολλὰ
1545 1800 1656 1844 πιὼν

265 1871 345 1913 καῖ
386 1871 542 1916 πολλὰ
586 1873 763 1931 Φαγών.
836 1879 1112 1933 Aristophan.
1156 1876 1269 1918 Ἱππ·
1305 1883 1404 1931 554·
1470 1879 1657 1922 Θυννεῖα

263 1951 412 2008 θερμὰ
443 1951 753 2008 καταφαγὼν,
798 1944 900 2010 κᾷτ’
936 1951 1117 1997 ἐπιπιὼν
1157 1952 1352 2014 ἄκρατον
1382 1944 1516 2000 Οἴνού
1547 1959 1655 2014 χοᾶ.

268 2039 310 2067 et
329 2027 514 2067 Acharn.
539 2044 577 2069 v.
597 2043 660 2082 77.
701 2030 936 2084 Antiphan.
959 2031 1358 2084 apudAthenaeum
1375 2034 1422 2071 L.
1441 2034 1471 2073 Ι.
1491 2048 1533 2086 p.
1553 2042 1589 2081 3.
1610 2036 1654 2074 F.

248 2101 345 2157 fro&
397 2101 476 2158 μὲν
526 2104 639 2146 πιεῖν
687 2103 773 2162 γὰρ
826 2105 901 2148 καὶ
949 2106 1113 2161 φαγεῖν
1163 2105 1242 2156 τὰς
1281 2103 1433 2164 ἡδονὰς
1452 2102 1656 2164 ’Έχομεν

267 2179 430 2236 ὁμοίας.
493 2185 689 2239 Analect.
733 2186 783 2223 T.
804 2186 877 2227 III.
913 2187 990 2239 Ep.
1015 2187 1102 2233 633.
1131 2188 1246 2225 inter
1265 2185 1470 2238 adespota
1500 2201 1543 2239 p.
1568 2189 1654 2235 236.

266 2255 380 2298 Βαιὰ
418 2255 580 2312 φαγὼν
619 2255 692 2299 καὶ
730 2258 843 2310 βαιὰ
880 2257 991 2303 πιὼν
1027 2258 1101 2301 καὶ
1137 2257 1292 2302 πολλὰ
1329 2258 1509 2316 νοσήσας
1539 2261 1657 2319 Ὀψὲ

267 2334 372 2391 μὲν,
404 2333 510 2377 ἀλλ’
537 2332 711 2377 ἔθανον.

371 2451 408 2476 2.
455 2431 577 2477 Οὔτε
616 2434 758 2491 τιμόν.
794 2440 846 2478 In
864 2438 1093 2481 Athenaeo
1119 2436 1275 2493 τίμον,
1320 2441 1440 2481 unde
1470 2443 1654 2484 Casaub.

265 2512 396 2571 τιμὴν
423 2517 540 2556 fecit.
593 2516 679 2554 Sed
699 2515 975 2557 scribendum
1002 2513 1132 2572 τιμόν
1156 2519 1226 2559 vel
1251 2515 1397 2572 τῖμον.
1424 2520 1657 2574 Paroxyto-

267 2610 373 2635 num
397 2597 578 2634 occurrit
607 2594 725 2646 apud
741 2594 999 2649 Aeschylum
1029 2592 1173 2648 Χοηφ.
1209 2611 1247 2640 ν,
1275 2605 1363 2649 913.
1391 2593 1476 2636 ποῦ
1508 2592 1603 2650 δῆθ’
1633 2593 1655 2638 ὁ

267 2668 418 2725 τιμός,
459 2665 591 2711 ὅντιν’
622 2662 935 2724 ἀντεδεξάμην.
966 2675 1393 2727 Properispomenon
1411 2675 1655 2715 Eustat‘hius

271 2760 361 2785 esse
386 2746 477 2785 vult
513 2745 562 2785 Il.
597 2755 635 2784 σ.
678 2745 729 2784 Τ.
758 2746 810 2784 ΙΙ.
845 2759 887 2797 p.
911 2750 1030 2796 1143,
1068 2749 1129 2793 56.
1184 2748 1419 2800 Postquam
1448 2748 1652 2796 ostendit,
