1846 3308
794 289 1167 331 -116—

285 420 392 459 σθαι
412 415 501 459 τῶν
523 415 717 473 ἀκριβῶς
741 414 938 473 ἐχόντων
957 416 1016 459 τὰ
1036 415 1173 473 σκέλη
1196 414 1323 474 ὀρθοῖ.
1351 420 1398 460 id
1419 422 1540 474 quod
1557 422 1680 466 dein·

287 508 386 546 ceps
414 493 664 533 Archilochi
697 493 797 533 loco
830 493 1065 533 confirmat.
1118 522 1149 542 „
1161 494 1239 533 Vir
1266 494 1388 534 fortis
1415 494 1678 543 Archilochi,

283 570 428 620 inquit
447 566 616 614 Iacobs,
642 566 825 620 pedibus
856 580 950 606 non
969 565 1079 606 nihil
1096 570 1327 607 incurvatis
1358 565 1535 606 firmiter
1556 570 1679 607 nixus

286 639 596 680 obversabatur
629 641 810 679 fortasse
840 639 1007 679 Herodi
1029 641 1172 679 Attico
1201 653 1267 692 ap.
1303 638 1500 679 Philostr.
1532 641 1581 678 in
1606 640 1680 678 v'it.

286 712 418 765 Soph.
436 714 484 754 L.
502 713 552 752 II.
571 727 613 765 p.
632 719 717 758 552.
735 716 781 751 in
802 713 1092 764 descriptione
1112 714 1278 751 iuvenis
1298 712 1428 760 illius,
1452 714 1527 765 qui
1547 711 1682 751 Hero-

287 790 350 830 dis
373 789 583 829 Hercules
608 790 862 843 appellatur.
914 783 1002 827 Ka}
1034 784 1201 843 κνήμην
1232 783 1388 844 μικρὸν
1417 785 1474 835 εἰς
1502 784 1560 826 τὰ
1594 778 1682 835 ἔξω

286 862 588 922 κυρτουμὲνην
617 866 755 917 (tibiis
782 879 875 905 non
894 864 1004 905 nihil
1022 869 1268 915 incurvatis,
1300 869 1329 906 i.
1352 880 1389 906 e.
1416 862 1567 922 ῥαιβὸς
1594 859 1683 915 ὥν)

286 939 360 983 καὶ
396 939 682 997 παρέχουσαν
714 940 771 994 τῆ
787 937 920 991 βάσει
941 939 991 982 τὸ
1014 930 1065 982 εὖ
1094 938 1467 998 βεβηκέναιϋῗίη
1500 957 1588 997 quo
1621 953 1684 982 ta-

285 1035 388 1060 men
415 1021 540 1071 loco,
582 1024 617 1060 si
647 1015 803 1075 ῥαιβὸν
831 1021 1111 1062 Philostratus
1148 1021 1390 1076 significare
1426 1021 1587 1069 voluit,
1626 1017 1683 1069 εἷς

285 1096 344 1137 τὰ
373 1093 456 1136 ἔσω
483 1098 722 1152 legendum
742 1102 843 1138 erit:
871 1101 902 1137 ii
926 1101 1062 1147 enim,
1095 1099 1251 1152 quibus
1278 1095 1339 1138 τὰ
1370 1093 1508 1151 σκέλη
1543 1092 1601 1145 εἷς
1624 1093 1685 1138 τὰ

286 1167 372 1223 ἔξω
407 1166 685 1229 κυρτοὺμενα
713 1185 835 1224 sunt,
861 1170 1045 1224 βλαισοὶ
1071 1187 1296 1217 vocantur.
1323 1176 1410 1218 vid.
1437 1177 1586 1229 fragm.
1616 1178 1686 1216 cit.

396 1248 744 1304 Ἀσφαλέως,
788 1255 848 1292 sic
887 1253 1043 1293 Galen.
1079 1263 1270 1308 utroque
1312 1254 1422 1294 loco.
1466 1248 1686 1305 ἀσφαλῶς

287 1333 382 1370 Dio·
408 1329 621 1385 Chrysost.
648 1327 937 1383 Βεβηκίυς.
964 1330 1077 1369 male
1109 1344 1174 1383 ap.
1202 1329 1356 1370 Galen.
1383 1330 1524 1382 p,618.
1548 1327 1687 1383 βεβη·

289 1404 426 1457 κυίοις.
477 1404 650 1447 Ποσσὶ
665 1435 676 1453 ,
707 1409 870 1461 duplici
893 1418 919 1447 σ
937 1418 1116 1462 propter
1133 1417 1332 1448 metrum.
1381 1407 1538 1450 Galen.
1557 1405 1686 1455 ποσὶ;

289 1497 313 1522 a
333 1483 481 1522 Dione
503 1480 650 1537 Chrys.
670 1485 874 1522 omititur.

390 1561 442 1600 V.
467 1565 505 1605 5.
534 1555 637 1598 Ka>
668 1554 1043 1611 ἐπινοήμασιν
1075 1550 1251 1606 δασύς.
1306 1559 1432 1599 Hanc
1451 1562 1688 1604 tetrametri

288 1643 456 1688 partem
476 1636 761 1684 posteriorem
782 1632 897 1672 solus
916 1633 1003 1672 Dio
1022 1631 1167 1687 ChryS.
1187 1630 1334 1679 habet,
1354 1631 1439 1681 vel,
1460 1635 1496 1671 si
1514 1635 1687 1673 initium

294 1725 385 1751 esse
411 1713 568 1758 mavis,
595 1709 834 1763 legendum
872 1718 1006 1758 esset,
1044 1703 1118 1748 καὶ
1150 1703 1359 1762 νοήμασιν
1390 1702 1520 1755 δασύς
1549 1729 1604 1739 -
1631 1730 1689 1739 -

294 1788 417 1842 quod
458 1786 612 1827 Iacobs
656 1801 706 1827 ex
738 1784 962 1827 Eustathio
1007 1786 1192 1839 explicat
1225 1781 1364 1840 ψυχὴ
1402 1783 1563 1840 πυκινὴ
1597 1785 1690 1837 τοῖς

295 1861 519 1918 νοήμασιν.

885 2047 1102 2092 XXXIV.

299 2135 450 2194 Οὕτις
474 2132 669 2192 αἰδοῖος
702 2133 808 2196 μετ’
833 2129 999 2195 ἁςῶν,
1035 2132 1216 2204 καίπερ
1239 2131 1470 2198 εὔφημος
1493 2135 1687 2196 θανὼν,

296 2222 520 2274 Γίνεται·
565 2223 724 2293 χάριν
771 2220 827 2270 δὲ
862 2221 1064 2284 μᾶλλον
1102 2223 1198 2270 τοῦ
1243 2221 1391 2280 ζωοῦ
1436 2222 1687 2290 διώκομεν

298 2311 443 2364 Ζωοί
489 2311 808 2382 ἀνθρώπων·
852 2309 1038 2372 κάκιςα
1073 2310 1156 2376 τῷ
1186 2311 1396 2362 θανόντι
1431 2317 1635 2381 γίνεται.

760 2444 882 2482 Vers.
910 2441 1049 2481 Grotii
1075 2455 1118 2493 p.
1136 2447 1223 2494 514.

299 2528 462 2571 Nemo
498 2531 857 2585 postmortem
897 2517 1126 2565 secundis
1173 2519 1358 2568 civium
1403 2525 1689 2574 rumoribus

301 2613 523 2661 Tollitur
532 2629 548 2666 ;
582 2610 861 2663 viventium
885 2624 1058 2655 omnes
1080 2609 1311 2672 gratiam,
1349 2614 1434 2675 qui
1454 2614 1689 2674 vivimus,

303 2707 638 2766 Aucupamur.
675 2699 903 2748 destituti
933 2700 1045 2745 luce
1079 2710 1354 2748 tractantur
1382 2705 1526 2752 male.

780 2794 806 2803 .—
