1846 3308
694 318 1035 367 —51-

166 442 486 491 Etymologicum
502 455 695 492 magnum.

167 511 550 550 EudociaeVioletum
562 513 619 547 ed.
627 511 829 551 Villoison.

167 577 326 614 Eusebii
348 580 553 627 Praeparat.
573 581 719 625 Evang.
737 577 827 614 edit.

211 645 443 681 Parisiensis.

165 713 388 749 Eustathius
409 711 455 747 ad
474 712 642 760 Dionys.
660 712 829 761 Periege·

213 791 301 822 tem,
319 781 410 817 edit.
427 780 673 817 oxoniensis.

167 868 212 877 —
244 868 291 876 —
321 848 367 884 ad
385 849 620 887 Homerum,
643 845 734 882 edit.
751 847 828 881 Ro-

210 928 331 951 mana.
362 916 408 953 T.
427 918 498 952 111.
534 915 605 952 fol.

162 1051 193 1087 F
194 1048 350 1086 irmicus
378 1051 397 1096 (
405 1050 525 1086 Iulius
534 1051 551 1097 )
581 1048 825 1086 Astronomi-

181 1139 184 1143 ·
207 1131 282 1154 con
317 1119 361 1155 L.
390 1119 460 1158 VI.
500 1118 590 1155 edit.
636 1117 824 1154 Basileen-

204 1186 269 1224 δίε.
319 1192 422 1229 1551.

160 1253 453 1291 Fortunatianus
474 1271 520 1281 —
540 1253 630 1290 vide
650 1252 807 1292 Atilius.

463 1325 517 1365 G.

160 1388 323 1426 Galenus
357 1407 405 1415 -—
435 1387 556 1423 editio
585 1386 821 1427 Basileensis.

205 1464 307 1501 1533.
354 1455 472 1491 Tomi
491 1456 540 1493 V·

159 1524 306 1562 Gellius
327 1523 466 1570 (Aul.)
490 1523 632 1559 Noctes
651 1523 798 1561 atticae.

462 1595 518 1635 H.

157 1657 450 1711 Harpocration.

157 1723 719 1775 Hephaestionis'Enchiridion
728 1723 818 1759 edit.

205 1793 323 1831 Paris.
370 1800 471 1835 1553.
519 1797 554 1834 4.

158 1858 370 1896 Heraclidis
398 1858 615 1907 Allegoriae
643 1857 821 1894 Homeri-

204 1940 266 1963 cae
285 1939 332 1962 ex
354 1926 445 1962 edit.
465 1927 621 1963 Schow.

156 1994 375 2032 Heraclides
414 1994 459 2030 de
498 1994 636 2029 Politia
669 1993 822 2029 Creten·

202 2064 303 2100 sium
323 2063 452 2099 edente
464 2064 602 2111 Cragio
616 2061 663 2096 ad
681 2063 820 2109 calcem

203 2131 249 2166 de
293 2130 457 2180 Republ.
500 2130 819 2166 Lacedaemonio-

201 2210 300 2233 rum.
318 2211 357 2247 p.
379 2211 434 2247 19·

154 2266 412 2314 Hermogenes
440 2266 485 2301 de
516 2266 651 2302 formis
679 2267 818 2302 oratio-

199 2333 261 2368 nis
287 2333 409 2371 edent.
433 2334 655 2371 Laurentio.
679 2333 817 2371 Colon.

198 2400 396 2450 Allobrog.
446 2403 546 2445 1614.
592 2407 627 2447 8.

156 2468 410 2517 Hermogenis
422 2472 756 2519 Progymnasmata
773 2469 817 2503 in

198 2533 389 2575 Biblioth.
419 2538 557 2573 veteris
585 2537 816 2573 litteraturae

199 2612 238 2637 et
257 2604 360 2640 artis.
404 2605 494 2646 Vol.
509 2607 582 2643 111.
616 2607 657 2641 P.
680 2611 713 2648 4.

153 2668 381 2708 Herodotus.

150 2737 383 2784 Hesychius.

153 2804 350 2844 Horatius.

1214 444 1248 484 Ῑ.

897 508 1040 547 Isidori
1059 508 1252 557 Origines.

895 574 1067 610 Iulianus
1081 578 1289 625 Imperator
1305 579 1435 617 edente
1446 584 1559 631 Span-

938 641 1058 679 heim.
1106 643 1208 692 1694.
1253 645 1322 682 fol.

1201 719 1250 757 L.

892 776 1094 825 Longinus
1113 778 1235 816 edent.
1260 781 1393 820 Moro-

891 845 1085 881 Lucianus
1104 859 1151 881 ex
1168 847 1259 888 edit.
1295 849 1556 891 Hemsterhus.

1195 922 1259 960 Μ.

892 979 1113 1017 Macrobius
1154 981 1287 1019 edente
1323 985 1553 1029 camerario.

919 1045 1116 1086 *Basileaffl

891 1114 1052 1151 Malalae
1069 1116 1294 1157 chronicon.

890 1183 929 1219 S.
968 1184 1181 1227 Maximus,
1228 1188 1320 1223 edit.
1356 1191 1554 1234 Parisiens.

937 1251 1038 1295 1675.

890 1318 1086 1355 Maximus
1113 1322 1272 1370 Tyrius,
1298 1324 1419 1362 edent.
1447 1331 1552 1367 Reis-

935 1385 1012 1422 kio.

890 1454 1049 1507 Moschi
1066 1456 1220 1504 Idyllia.

1192 1531 1247 1571 N.

887 1588 1133 1638 Nicephoms
1154 1591 1198 1626 in
1215 1592 1373 1631 scholiis
1391 1597 1437 1632 ad
1457 1600 1552 1647 Syn-

933 1670 1068 1695 esium.

886 1724 1044 1761 Nicetae
1061 1725 1268 1766 Choniatae
1286 1730 1459 1768 Historia
1475 1735 1552 1784 By-

932 1803 1075 1830 zanun.

1190 1868 1245 1907 Ο.

887 1926 1074 1975 Origenes
1100 1939 1234 1965 contra
1253 1930 1427 1974 Celsum,
1457 1935 1548 1976 edit.

931 1995 1110 2030 Parisien.

888 2061 1016 2098 Orion
1053 2061 1223 2100 Theban.
1257 2064 1547 2111 Grammaticus,

932 2140 1023 2165 teste
1050 2130 1339 2168 Hemsterhusio
1364 2133 1407 2168 in
1430 2145 1551 2172 aucta-

930 2197 992 2232 rio
1009 2196 1056 2232 ad
1073 2197 1239 2246 Hesycli.

887 2264 1068 2302 Ovidius.

1190 2338 1238 2378 P.

820 2396 825 2405 '
885 2400 1083 2436 Pausanias
1104 2399 1225 2435 edent.
1249 2400 1471 2452 Sylburgio.

884 2468 1136 2504 Philostratus
1156 2480 1203 2503 ex
1220 2467 1309 2506 edit.
1331 2470 1490 2510 Olearii.

883 2536 1016 2571 Photii
1031 2535 1285 2574 Bibliotheca.

883 2603 1032 2639 Plinius
1049 2603 1257 2640 Harduini.

883 2671 1030 2706 Plotius
1058 2670 1336 2706 Grammaticus
1363 2672 1464 2708 inter
1488 2685 1550 2709 ve-

929 2749 997 2773 ter.
1022 2738 1229 2774 Grammat.
1251 2738 1435 2775 Putschii.

882 2804 1106 2840 Plutarchus
1128 2797 1173 2840 ex
1196 2804 1285 2843 edit.
1306 2804 1467 2842 Reiskii.

952 2872 1047 2910 Dz
