1846 3308
808 281 1149 324 „92-

377 398 768 456 Ἐκινήθησαν.
802 400 934 443 κινεῖν
973 417 1066 444 esse
1093 404 1270 445 verbum
1296 409 1361 446 rei
1385 415 1599 450 venereae
1629 419 1674 451 et

279 482 399 522 idem
443 483 566 536 quod
600 478 762 531 βίυειν,
808 497 860 523 ex
898 481 1184 535 Aristophane
1228 480 1346 535 Νεφ.
1392 499 1501 527 1100.
1559 495 1668 541 1575.

278 556 426 614 Εἰρὴν.
464 575 502 600 v.
531 568 619 613 539.
663 558 799 614 Βατρ.
826 567 915 607 550·
954 571 1034 601 etc.
1074 571 1117 600 et
1146 562 1290 601 multis
1332 566 1671 617 epigrammatib.

278 632 456 674 Anthol.
479 644 529 674 ut
554 633 679 673 Anal.
706 634 757 673 T.
778 634 810 673 Ι.
840 647 883 686 p.
904 647 941 672 2.
970 635 1021 674 T.
1040 635 1112 674 III.
1141 648 1184 686 p.
1204 636 1293 681 556.
1322 646 1365 674 et
1383 637 1485 677 alias
1505 648 1672 680 notum.

279 708 345 746 Cf.
365 706 518 747 Iacobs
537 707 763 746 AnimadV.
791 707 891 746 Vol.
908 707 981 747 III.
1015 721 1058 760 p.
1078 708 1167 758 556.
1199 708 1277 748 ubi
1301 707 1418 749 hunc
1433 713 1574 763 ipsum
1594 712 1675 752 Ar-

282 779 466 820 chilochi
487 794 656 821 versum
679 780 832 820 adfert.
1644 784 1647 786 ’

372 853 456 896 Ἐν
494 852 828 909 παλινσκίῳ.
880 858 999 897 Suid.
1027 852 1312 911 Παλινσκίῳ·
1347 858 1585 913 σκοτεινῷ·
1616 858 1669 902 τὸ

279 931 365 988 γὰρ
396 930 532 975 πάλιν
571 932 767 975 ἐπίτασιν
809 930 960 991 δηλοῖ,
1002 930 1058 983 ὡς
1094 931 1464 990 παλιγκάπηλος,
1506 935 1671 993 παλίμ-

278 1025 455 1067 πρατος.
500 1015 630 1057 Hom.
652 1015 810 1069 Hymn.
830 1018 878 1054 in
900 1016 1044 1055 Ceret.
1062 1030 1100 1055 v,
1114 1017 1152 1056 6.
1171 1007 1357 1069 ''Avo-pov
1378 1012 1462 1056 ἔσω
1488 1013 1671 1056 ναίουσα

276 1085 528 1130 παλίσκιον.
590 1092 659 1130 De
688 1091 858 1132 filiabus
885 1091 1130 1146 Lycambae
1159 1097 1290 1134 etiam
1325 1098 1374 1136 in.
1402 1093 1488 1135 hoc
1517 1095 1670 1149 fragm.

277 1164 449 1203 videtur
466 1179 608 1204 sermo
631 1179 736 1204 esse.

948 1413 1054 1456 XX.

414 1507 698 1583 Προῦθηκε
734 1507 881 1558 παισὶ
918 1506 1114 1558 δεῖπνον
1151 1505 1312 1570 αἷηνές
1347 1505 1540 1583 φέρων.

410 1678 637 1741 Epulum
672 1675 961 1740 anteposuit
993 1677 1286 1724 luctuosum
1322 1677 1457 1727 filiis.

384 1846 566 1900 Etymol.
605 1846 665 1885 M.
706 1860 745 1885 v.
793 1839 965 1899 Αἰηνὲς·
1015 1840 1068 1884 τὸ
1117 1839 1252 1883 δεινὸν
1292 1840 1367 1884 καὶ
1410 1841 1668 1897 πολύςονον.

272 1916 563 1976 ’Δρχίλοχος,
592 1914 835 1975 Προίίθηκε
867 1934 912 1961 π.
945 1918 979 1960 δ.
1012 1920 1070 1961 αι’.
1102 1922 1154 1976 φ.
1221 1924 1312 1963 Vox
1349 1921 1491 1978 αἰηυὲς
1526 1938 1670 1968 autem

276 2015 326 2040 ex
361 2004 578 2042 sententia
618 2002 868 2057 Etymologi
905 1998 1027 2054 παρὰ
1066 1999 1117 2042 τὸ
1160 1997 1207 2042 αἶ’
1248 1997 1295 2041 αἶ’
1333 1998 1360 2056 ἢ
1403 1997 1454 2042 τὸ
1494 2000 1668 2044 αἰώνιον

276 2079 470 2127 ducitur,
511 2080 630 2119 unde
663 2090 705 2119 et
735 2079 896 2131 duplex
924 2084 1013 2119 eius
1044 2082 1319 2136 significatio,
1347 2076 1426 2120 τοῦ
1459 2077 1572 2130 αἰνὸς
1600 2084 1669 2122 vel

275 2150 429 2202 δεινὸς,
479 2168 522 2196 et
558 2153 638 2196 τοῦ
694 2152 888 2205 αἰώνιος,
936 2170 979 2199 et
1011 2161 1163 2200 eadem
1196 2176 1277 2201 vox
1299 2172 1383 2209 est,
1422 2176 1534 2217 quae
1565 2162 1668 2202 alias

275 2228 424 2284 αἰανὴς
455 2244 498 2273 et
524 2230 671 2280 αἰανὸς
697 2236 920 2286 scribitur,
950 2247 1114 2277 mutato
1133 2252 1212 2290 per
1233 2238 1471 2277 Ionismum
1498 2251 1526 2276 α
1553 2243 1600 2279 in
1629 2252 1667 2293 ²7·

273 2310 470 2364 Aeschyl.
499 2312 613 2351 Pers.
642 2327 680 2351 v.
712 2314 799 2360 635.
836 2335 886 2343 -
922 2309 1058 2359 ἱέντος
1094 2310 1153 2353 τὰ
1189 2309 1392 2354 παναίολ’
1423 2312 1551 2368 αἰανῆ
1582 2310 1670 2365 δύς-

271 2387 388 2440 θροα
415 2381 653 2439 βάγματα,
682 2401 724 2430 et
749 2392 836 2443 956.
866 2386 941 2430 ἵετ’
973 2388 1125 2443 αἰανὴν
1158 2388 1232 2431 καὶ
1261 2388 1532 2449 πανόδυρτον
1563 2386 1669 2443 Δύς·

272 2465 407 2520 ,990ον
448 2455 598 2505 αὐδάν.
645 2469 907 2508 Luctuosam
945 2469 1101 2509 doloris
1138 2480 1180 2509 et
1215 2470 1456 2511 eiulationis
1491 2473 1669 2525 plenam

273 2556 424 2582 vocem
443 2547 750 2597 interpretatur
770 2545 884 2585 doct.
904 2545 1140 2594 Schiitzius,
1163 2547 1238 2586 ubi
1256 2547 1375 2586 idem
1395 2549 1517 2600 quod
1535 2545 1668 2598 αἰνὸς,

273 2614 404 2667 δεινὸς
441 2629 527 2669 est,
577 2630 618 2660 et
660 2620 773 2660 forte
805 2621 858 2662 ab
894 2619 1011 2670 αἰνὸς
1053 2638 1227 2677 quoque
1265 2625 1493 2676 epenthesi
1527 2623 1607 2667 τοῦ
1639 2640 1669 2665 α

272 2696 446 2734 sactum.
507 2695 595 2734 Sed
624 2696 803 2737 alteram
841 2698 1201 2753 significationem
1227 2697 1308 2740 τοῦ
1339 2698 1509 2750 αἰώνιος
1535 2703 1668 2743 habet

275 2772 391 2823 apud
434 2771 624 2811 eundem
670 2774 848 2815 Eumen.
884 2780 972 2827 415.
1026 2773 1179 2829 Ἡμεῖς
1219 2779 1304 2834 γὰρ
1347 2774 1475 2833 ἐσμὲν
1511 2775 1668 2826 νυκτὸς
