1846 3308
683 287 1023 336 —23—

763 433 936 500 §.ne

255 538 382 577 Hanc
412 540 502 577 eius
527 535 703 575 laudem
732 543 776 573 et
812 532 1143 571 admirationem
1180 536 1295 573 auxit
1322 536 1370 573 in
1396 538 1543 587 primis

154 615 324 666 ingenii
356 614 447 651 eius
472 608 645 648 ubertas
673 616 715 647 et
732 606 931 653 solertia,
972 619 1058 658 qua
1083 605 1139 644 ad
1159 616 1360 645 ornatum
1388 617 1430 646 et
1446 622 1543 660 per-

156 679 394 729 fectionem
418 694 628 735 poeseos,
665 693 780 732 quae
808 678 912 718 olim
943 691 1040 717 cum
1061 681 1222 717 musica
1251 683 1482 719 coniuncta
1503 691 1544 720 et

153 759 250 810 ipsa
286 758 451 795 musica
490 753 605 793 dicta
645 753 786 803 est‚³)
830 754 946 790 varia
987 760 1223 789 metrorum
1268 751 1543 806 rhythmique

156 842 318 885 genera
342 828 534 874 invenit,
581 826 637 865 ad
664 839 852 878 quorum
891 823 1133 874 exemplum
1169 823 1330 862 deinde
1359 823 1444 863 alia
1471 826 1542 863 alii

153 911 314 955 poetae
341 899 763 952 composuerunt‚b)
800 907 850 936 ut
868 896 980 935 adeo
1003 896 1253 935 Victorinus
1274 896 1413 944 dicat,
1444 910 1544 936 eum

153 986 249 1016 non
275 971 410 1012 modo
435 970 776 1011 innumerabiles
813 979 1050 1008 metrorum
1078 972 1243 1020 species
1278 969 1463 1008 edidisse
1473 973 1541 1022 ,⁰)

155 1059 182 1086 e
208 1044 366 1099 quibus
394 1045 531 1084 multa
560 1043 702 1084 adhuc
727 1042 781 1082 ab
805 1045 895 1081 eius
923 1045 1104 1081 nomine
1129 1042 1333 1080 dicuntur
1347 1034 1543 1083 Archilo-

153 1117 331 1170 chia,d)
367 1118 447 1158 sed
467 1132 567 1157 eum
587 1120 716 1157 etiam
745 1118 884 1156 omnis
913 1117 1102 1155 musicae
1136 1123 1364 1166 parentem
1394 1116 1543 1168 appel·

151 1191 245 1231 lare
260 1185 356 1242 non
373 1190 555 1230 dubitet.
569 1192 610 1241 θ)
662 1190 782 1229 Inter
800 1191 976 1230 inventa
998 1201 1101 1227 vero
1123 1190 1214 1228 eius
1234 1190 1284 1228 in
1302 1201 1350 1228 re
1367 1191 1544 1240 poetica

152 1267 241 1305 sive
255 1267 436 1306 metrica
455 1263 509 1304 ab
530 1262 779 1303 auctoribus
798 1270 1119 1302 memorantur:

257 1361 294 1412 1)
330 1358 626 1399 Iambicum
660 1360 964 1397 trimetrum
1001 1356 1448 1404 acatalectum,f)
1478 1351 1540 1394 di-

152 1443 270 1473 ctum
290 1431 615 1472 Archilochium
627 1433 696 1483 ,g)
735 1430 856 1483 quod
875 1429 1126 1469 Victorinus
1154 1428 1301 1468 scribit
1327 1442 1427 1468 eum
1454 1428 1543 1467 for-

150 1520 290 1546 masse
311 1519 361 1544 ex
380 1505 594 1559 dactylico
617 1504 887 1543 detractione
906 1505 1035 1542 unius
1054 1501 1331 1554 temporis.h)
1377 1500 1543 1540 Verum

151 1593 205 1619 ex
222 1577 477 1626 Aristotele,
489 1578 531 1630 i)
569 1586 611 1616 et
630 1576 893 1629 quibusdam
912 1577 1099 1626 antiquis
1124 1576 1410 1627 grammaticis
1438 1587 1542 1613 con-

152 1661 256 1699 stat,
289 1664 343 1690 eo
362 1654 449 1689 iam
467 1651 707 1690 Homerum
728 1651 775 1687 in
793 1649 980 1702 Margite
999 1660 1125 1686 usum
1147 1660 1262 1694 esse,
1290 1645 1544 1685 hexametris

152 1734 299 1763 tamen
334 1725 608 1775 immixtisstt)
666 1721 906 1760 Dissidium
936 1719 1022 1759 hoc
1054 1729 1249 1759 veterum
1285 1722 1542 1771 scriptorum

151 1800 212 1837 ita
252 1795 607 1848 componendum
635 1793 830 1841 videtur,
866 1802 916 1832 ut
944 1802 1194 1840 teneamus,
1233 1789 1539 1830 Archilochum

151 1870 221 1911 vel
243 1868 436 1909 iambum
453 1881 612 1920 purum
635 1868 875 1913 invenisse,
914 1879 1012 1904 cum
1039 1874 1168 1904 antea
1192 1865 1314 1902 variis
1337 1862 1540 1915 pedibus,

151 1952 202 1983 ut
219 1946 266 1982 in
284 1942 470 1996 Margite
480 1968 495 1989 ,
525 1942 786 1992 compositus
808 1947 943 1985 esset,
955 1939 997 1988 1)
1026 1947 1071 1976 et
1089 1935 1191 1976 hinc
1210 1935 1402 1975 iambum
1419 1936 1540 1974 illum

150 2018 386 2070 praecipue
414 2013 468 2052 ab
489 2011 737 2053 auctoribus
754 2008 1079 2050 Archilochium
1105 2010 1280 2059 dicim)
1315 2009 1384 2047 vel
1412 2012 1540 2048 etiam

150 2088 343 2129 iambum
369 2089 648 2133 continuum,
684 2083 732 2124 id
762 2093 846 2131 est,
887 2095 1061 2123 carmen
1089 2080 1335 2133 iambicum?
1352 2084 1446 2120 sine
1474 2084 1542 2120 in-

150 2161 437 2202 tercalatione
469 2158 653 2197 aliorum
679 2166 917 2195 metrorum
946 2157 1134 2206 primum
1158 2153 1412 2205 protulisse,
1450 2166 1540 2206 quo

152 2235 208 2275 ad
225 2232 479 2275 insectanda
495 2233 596 2270 vitia
617 2239 766 2269 eontra
782 2225 1031 2282 Lycamben
1047 2239 1146 2265 usus
1165 2235 1227 2265 est
1235 2227 1308 2277 ,¹1)
1338 2225 1407 2264 vel
1425 2235 1540 2264 certe

148 2311 337 2361 primum
362 2307 514 2345 fecisse
540 2301 732 2342 iambum
762 2299 1031 2340 acerbiorem
1060 2308 1103 2337 et
1118 2302 1456 2352 pugnaciorem,
1493 2310 1542 2337 ut

149 2391 315 2420 veteres
345 2377 523 2432 quidam
552 2374 747 2414 indicare
774 2371 1054 2424 videntur,0)
1094 2380 1137 2410 et
1163 2371 1369 2411 nonnulli
1388 2384 1541 2412 recen-

151 2456 310 2493 tiorum
333 2448 678 2497 contenduntm)

249 2548 288 2598 2)
308 2544 604 2590 Iambicum
642 2544 949 2582 trimetrum
976 2541 1392 2591 catalecticum,
1423 2540 1537 2594 quod

152 2618 399 2658 Victorinus
415 2620 617 2667 miuron,
652 2614 892 2655 Diomedes
918 2613 1113 2655 colobon
1131 2622 1269 2653 vocat.
1283 2616 1329 2664 ²1)
1386 2611 1538 2652 Archi-

149 2689 409 2744 tochium.r)
430 2697 434 2699 ’

248 2788 298 2838 5)
324 2785 622 2827 Iambicum
652 2788 965 2826 trimetrum
995 2780 1383 2835 acephalon,⁵)
1411 2778 1534 2833 quod
