1846 3308
694 297 762 305 ..-
833 276 928 325 231
1002 293 1071 301 —.

171 394 284 435 Tale
314 392 422 447 quid
441 395 571 432 etiam
593 389 646 430 ab
662 387 952 441 Aristophane
977 387 1160 427 obscure
1180 389 1305 426 innui
1324 395 1448 440 putat
1468 387 1571 426 Per-

178 487 267 528 ger.
292 465 410 525 Ὀρν.
431 483 519 522 207.
936 501 940 503 ,

323 528 337 545 l
498 538 598 597 'Ay'
627 537 683 590 ὣς
711 535 862 594 τᾶχις’
893 536 932 589 ἐς
960 537 1040 592 τὴν
1074 536 1272 595 λόχμην,

387 617 602 674 ’Ἑσβαινε
630 615 856 673 κᾴνὲγειρε
884 616 963 671 τὴν
994 614 1169 671 &naam

176 699 229 739 In
248 713 336 753 quo
360 708 506 739 tamen
520 695 625 736 mihi
643 695 735 735 falli
759 693 943 734 videtur.

766 922 976 966 CXXIV.

250 1007 462 1052 ,Θέλουσι
500 1006 545 1050 δὲ
584 1006 636 1049 τὸ
675 1005 962 1063 παιδοτρίβης
1001 1001 1203 1048 ἐκτείνειν
1218 1035 1231 1052 .
1280 1001 1565 1060 πλανώμενοι

175 1085 227 1131 ἐκ
256 1085 338 1131 τοῦ
366 1085 468 1142 παρ’
494 1082 788 1141 ’Δρχιλόχςψ

549 1157 733 1217 ’Δνδρας
766 1160 804 1214 ἐς
833 1160 1126 1220 ἂμφιτρίβας.

247 1242 408 1282 Auctor
416 1239 642 1280 prosodiae
663 1240 717 1279 ab
733 1239 984 1278 Hermanno
1002 1252 1100 1277 cum
1119 1236 1231 1277 libro
1250 1237 1306 1277 de
1326 1235 1566 1276 emendan-

175 1316 233 1356 da
261 1318 434 1354 ratione
457 1326 639 1366 graecae
666 1314 971 1367 grammaticae
993 1311 1133 1350 editus
1152 1310 1307 1364 Regul.
1326 1310 1390 1350 66.
1410 1323 1454 1361 p.
1473 1314 1565 1359 435.

174 1392 254 1432 ubi
271 1392 426 1439 docet,
459 1389 763 1443 monosyllaba
783 1392 830 1428 in
851 1385 911 1440 ιψ
932 1392 1061 1428 etiam
1080 1392 1128 1428 in
1151 1392 1342 1442 genitivo
1363 1386 1564 1441 produci,

174 1479 225 1509 ut
246 1463 354 1520 λίψ,
377 1461 528 1515 λιβόςε
557 1469 747 1521 plurium
765 1466 1027 1522 syllabarum
1048 1476 1192 1506 autem
1211 1479 1340 1505 voces
1363 1458 1416 1504 τὸ
1437 1477 1451 1503 ι
1472 1479 1567 1504 cor·

173 1548 339 1599 ripere,
379 1554 423 1583 et
450 1540 552 1582 hinc
575 1546 717 1598 pergit
734 1553 783 1583 ut
809 1558 958 1597 supra:
995 1537 1187 1583 Θέλουσι
1216 1538 1261 1582 δὲ
1289 1555 1330 1582 κ.
1358 1554 1402 1582 τ.
1431 1536 1477 1581 λ.
1508 1560 1566 1570 -·

258 1619 344 1660 Ha
357 1616 392 1675 ρ’
419 1616 468 1659 ’A
482 1615 743 1674 ρχιλὸχςυ
769 1636 792 1661 a
811 1622 920 1662 doct.
933 1622 1184 1663 Hermanno
1200 1633 1318 1663 recte
1336 1636 1415 1675 pro
1434 1631 1566 1673 ταρα-

172 1695 363 1755 χιλόχῳ
384 1701 636 1751 repositum.
663 1697 947 1739 Archilochus
964 1694 1156 1753 igiturrb
1178 1712 1191 1737 ι
1210 1702 1257 1739 in
1268 1694 1565 1753 ἂμφιτρίβας,

173 1774 279 1814 licet
295 1776 349 1813 sit
364 1770 706 1827 polysyllabum,
734 1771 978 1824 produxisse
998 1771 1191 1821 videtur,
1221 1776 1341 1814 cuius
1367 1770 1566 1823 exemplo

177 1851 251 1892 alii
281 1838 444 1890 deinde
465 1849 634 1889 inducti
657 1848 705 1887 id
734 1852 862 1888 etiam
882 1853 931 1889 in
952 1844 1237 1902 παιδοτρίβης
1251 1830 1564 1904 produxerunt.

174 1929 264 1970 Sed
286 1942 399 1982 quae
417 1931 477 1968 vis
505 1926 577 1967 hic
601 1930 698 1967 voci
717 1921 994 1980 ἂμφιτρίβας
1012 1926 1244 1967 tribuenda
1271 1931 1351 1976 sit,
1388 1926 1566 1968 difficile

176 2008 296 2047 diotu
327 2015 402 2046 est.
465 2003 651 2060 Hesych.
680 1999 985 2058 ἂμφιτρίβαν·
1019 2001 1233 2055 περιττῶς
1260 1999 1566 2060 τετριμμένον,

174 2094 329 2134 parum
349 2077 419 2118 hic
438 2078 545 2117 lucis
567 2078 917 2130 adferre-potest,
946 2080 1049 2130 quia
1071 2077 1179 2119 haec
1197 2082 1291 2130 ipsa
1305 2082 1567 2130 interpreta-

174 2161 238 2197 tio
269 2169 350 2209 pro
378 2158 495 2194 varia
527 2150 609 2194 τοῦ
631 2150 798 2208 τρίβειν
824 2153 1140 2208 significatione
1160 2156 1293 2196 dubia
1316 2168 1359 2197 et
1379 2157 1563 2198 obscura

177 2244 255 2275 est.
312 2234 424 2272 Nam
443 2227 724 2286 τετριμμένος
747 2242 810 2272 est
837 2236 1088 2273 exercitatus
1104 2238 1150 2274 in
1170 2249 1432 2288 quacunque
1450 2250 1498 2275 re
1516 2239 1564 2275 in

175 2311 337 2351 bonam
361 2310 431 2350 vel
458 2311 614 2350 malam
634 2321 814 2363 partem.
864 2311 994 2351 Unde
1022 2306 1192 2366 τρίμμα
1211 2314 1327 2367 apud
1343 2313 1561 2366 Aristoph.

177 2385 296 2438 Νεφ.
327 2392 421 2439 259.
463 2384 486 2427 ὁ
526 2383 570 2427 ἐν
606 2382 758 2441 λόγοις
783 2384 1092 2444 τετριμμένος,
1132 2390 1238 2430 ibid.
1265 2405 1303 2430 v.
1332 2392 1421 2442 446.
1448 2386 1561 2443 περί-

178 2477 349 2518 τριμμα
379 2461 526 2510 δικῶν,
554 2461 840 2520 τετριμμένος
859 2462 903 2505 ἐν
927 2462 1074 2514 δίκαις.
1125 2469 1182 2508 At
1202 2463 1223 2507 ὁ
1245 2463 1507 2521 ἐπίτριπτος,
1538 2464 1561 2507 ὁ

178 2539 373 2594 πληγαῖς
401 2539 686 2596 τετριμμένος
715 2548 804 2585 sive
834 2545 1033 2586 verbero.
1097 2547 1212 2585 Hinc
1236 2549 1349 2585 viros
1377 2546 1563 2586 multum

180 2618 426 2655 exercitatos
444 2616 512 2656 vel
530 2621 658 2657 etiam
678 2629 886 2671 expertos,
907 2629 980 2658 aut
1001 2622 1129 2658 etiam
1149 2617 1397 2658 verberibus
1418 2619 1564 2659 admo-

180 2689 282 2728 dum
301 2688 528 2729 mulctatos
544 2691 789 2745 intelligere
805 2695 955 2744 possis.
997 2691 1155 2744 Neque
1178 2693 1422 2743 negaverim
1437 2719 1448 2737 ‚
1477 2693 1567 2733 for·

182 2764 300 2801 nassis
318 2763 447 2803 etiam
462 2761 692 2809 admodum
707 2774 877 2817 turpem
890 2777 1064 2806 sensum
1076 2763 1317 2804 subiectum
1331 2777 1421 2804 esse
1432 2778 1566 2817 posse.
