1846 3308
730 334 797 344 —
865 315 930 364 35
999 335 1109 386 —v

731 440 826 516 Δξ.
873 446 999 491 xw.

299 540 398 579 Alia
416 536 667 579 Archilochi
693 541 894 589 inventa,
933 544 1046 594 quae
1077 540 1330 582 Plutarchus
1359 546 1400 582 ei
1430 543 1586 585 adscri-

200 612 286 660 bit,
315 622 435 652 sunt:

304 689 355 739 3)
395 683 470 726 Τὸ
520 684 919 744 προκριτικόν.
988 689 1059 730 Sic
1093 705 1244 731 omnes
1273 690 1373 731 libri
1403 703 1444 731 et
1476 694 1585 738 MS„

199 776 331 816 quem
359 764 407 800 in
432 761 486 800 R.
525 762 647 800 Caes.
682 762 950 814 bibIjOtheca
982 765 1207 811 consului,
1240 765 1326 804 No.
1355 765 1585 805 CLXXVI.

198 839 361 878 Verum
393 851 490 876 curn
525 837 747 891 rhythmus
778 843 867 879 sive
904 835 1066 893 μέτρου
1090 836 1372 896 *neonem-mov
1410 857 1432 880 a
1461 843 1585 883 nullo

199 920 438 958 auctorum,
468 914 542 963 qui
569 911 623 951 de
643 926 691 951 re
721 916 899 952 metrica
922 914 991 953 vel
1011 917 1172 952 musica
1192 917 1469 965 scripserunt,
1497 930 1588 955 me-

196 999 407 1029 moretur:
433 988 624 1037 Burette,
654 994 812 1030 omisso
834 985 933 1045 πρὸ,
954 990 1193 1045 legendum
1212 1005 1302 1030 esse
1323 1004 1470 1045 censet
1489 1006 1586 1048 κρη-

194 1059 343 1108 τικὸν,
371 1069 492 1106 cuius
522 1067 707 1122 rhythmi
737 1069 855 1119 apud
878 1079 1075 1110 auctores
1093 1072 1249 1120 passim
1270 1069 1317 1109 fit
1335 1076 1529 1120 mentio,
1543 1075 1584 1126 a)

134 1172 143 1179 ,
197 1153 418 1192 quemque
448 1140 654 1180 Aristides
685 1141 1006 1193 Quinctilianus
1038 1141 1094 1179 ad
1129 1145 1307 1181 mixtum
1341 1158 1479 1196 genus
1518 1148 1585 1185 ἐε-

194 1212 301 1257 fert;
337 1212 604 1265 Hephaestio
627 1227 727 1253 vero
750 1222 935 1253 metrum
957 1217 1162 1253 creticum
1185 1229 1347 1270 genere
1367 1222 1583 1268 paeonico

195 1284 599 1338 comprehendit.b)
668 1285 720 1325 In
741 1285 858 1325 hunc
881 1285 1129 1341 rhythmum
1158 1292 1363 1328 creticum
1389 1290 1586 1331 Archilo-

195 1357 325 1397 chum
347 1358 399 1398 ab
425 1358 604 1399 heroico
631 1369 757 1398 aucto
777 1362 992 1398 transiisse
1011 1360 1142 1399 docet
1160 1361 1427 1412 Plutarchus,
1441 1365 1485 1415 c)
1510 1368 1586 1417 qui

193 1442 341 1472 tamen
362 1447 385 1471 a
408 1433 576 1472 Glauco
606 1432 808 1471 traditum
831 1445 923 1472 esse
952 1443 1186 1481 memorat,
1217 1432 1463 1488 rhythmum
1494 1451 1586 1476 cre-

192 1507 326 1544 ticum
357 1519 380 1544 a
412 1504 596 1545 Thaleta
626 1505 823 1544 Cretensi
861 1509 910 1545 in
948 1506 1241 1559 melopoeiam
1273 1510 1460 1559 primum
1492 1509 1583 1549 illa·

193 1587 285 1616 tum
309 1577 472 1631 esse.‘1)

289 1654 339 1706 4)
378 1651 452 1694 Τὸ
491 1650 726 1711 προσοδι
741 1649 902 1701 nativ,
938 1661 999 1697 sle
1026 1655 1187 1696 dictum
1217 1672 1239 1696 a
1258 1659 1474 1710 prosodiis
1494 1662 1582 1698 sive

194 1725 362 1780 hymnis
396 1731 444 1769 in
480 1730 663 1770 deorum
698 1731 806 1769 festa
842 1732 1158 1783 compositis.‘·')
1217 1732 1339 1770 Haec
1377 1733 1583 1784 prosodia

194 1801 391 1853 Apollini
409 1803 535 1842 simul
567 1814 610 1842 et
626 1804 797 1842 Dianae
818 1807 914 1842 cani
942 1818 1031 1842 esse
1059 1805 1185 1843 solita
1204 1804 1358 1843 Pollux
1386 1804 1582 1856 tradinf)

195 1874 266 1914 De
308 1873 509 1929 rhythmo
552 1876 813 1928 prosodiaco
860 1880 948 1930 agit
995 1877 1169 1916 Aristid.
1219 1877 1428 1928 Quinctil.
1473 1879 1520 1915 L.
1546 1879 1580 1917 I.

192 1961 237 1999 P·
261 1949 382 1999 583)

293 2022 340 2074 5)
365 2018 424 2062 ‘H
453 2019 550 2064 τοῦ
581 2019 809 2078 πρώτου
837 2021 963 2076 (τοῦ
993 2021 1297 2079 κρητικοῦ)
1328 2018 1580 2079 αὔξησις.

190 2103 235 2142 Si
263 2103 395 2142 lectio
437 2099 646 2156 κρητικὸν
679 2105 781 2144 loco
816 2099 1098 2158 προκριτικόν
1135 2117 1264 2155 supra
1289 2115 1406 2144 recte
1433 2104 1579 2154 habet,

190 2174 474 2216 Archilochus
509 2174 756 2230 rhythmum
794 2180 882 2216 sive
922 2187 1106 2215 metrum
1148 2180 1353 2215 creticum
1381 2191 1404 2216 a
1434 2192 1480 2217 se
1514 2182 1580 2217 in-

190 2259 367 2288 ventum
384 2248 580 2300 pluribus
603 2250 765 2289 deinde
782 2249 969 2302 pedibus
992 2252 1119 2288 auxit.
1171 2250 1282 2288 Sunt
1300 2253 1416 2289 enim
1436 2264 1580 2289 versus

190 2324 240 2361 in
276 2320 361 2361 hoc
404 2335 565 2375 genere
611 2323 804 2361 diversae
841 2322 1092 2368 mensurae',
1142 2321 1337 2370 dimetri,
1383 2326 1578 2370 trimetri,

191 2397 447 2443 tetrametri,
475 2399 757 2447 pentametri;
785 2399 917 2434 immo
938 2393 1272 2447 Aristophanem
1297 2399 1426 2435 etiam
1451 2395 1581 2436 hexa-

191 2478 350 2508 metros
371 2470 587 2519 scripsisse
609 2467 739 2506 tradit
759 2468 822 2506 M.
841 2467 1105 2507 Victorinus.

284 2607 330 2652 ε)
367 2605 612 2655 Aristophani.
638 2606 754 2655 Vesp.
785 2606 890 2646 1266.
930 2606 1132 2645 Ecclesiaz.
1161 2620 1202 2644 v.
1228 2617 1330 2651 1157.
1376 2608 1578 2654 Hephaest.

191 2687 231 2722 p.
253 2679 310 2716 42.
351 2674 483 2710 Suidas
505 2688 543 2711 v.
565 2674 751 2720 Κρητικός.

283 2741 333 2786 b)
364 2741 567 2789 Iteptmest.
589 2741 617 2776 l.
634 2755 667 2779 c.

283 2810 329 2852 c)
361 2808 406 2843 T.
424 2809 475 2842 Χ.
506 2821 544 2856 p.
562 2809 642 2852 630.
666 2808 758 2844 vide
779 2810 811 2853 ὖ.
831 2810 917 2847 XV.
938 2823 968 2844 a.
990 2812 1042 2854 c).

985 2878 1018 2914 C
1050 2891 1071 2914 2
