<?xml version="1.0" encoding="UTF-8"?>
<!DOCTYPE html PUBLIC "-//W3C//DTD XHTML 1.0 Transitional//EN"
    "http://www.w3.org/TR/xhtml1/DTD/xhtml1-transitional.dtd">
<html xmlns="http://www.w3.org/1999/xhtml" xml:lang="en" lang="en">
 <head>
  <title>
</title>
<meta http-equiv="Content-Type" content="text/html;charset=utf-8" />
  <meta name='ocr-system' content='tesseract 3.04.00' />
  <meta name='ocr-capabilities' content='ocr_page ocr_carea ocr_par ocr_line ocrx_word'/>
</head>
<body>
  <div class='ocr_page' id='page_1' title='image "./iambographorumpr00archuoft_0087.png"; bbox 0 0 1846 3308; ppageno 0'>
   <div class='ocr_carea' id='block_1_1' title="bbox 705 311 1044 352">
    <p class='ocr_par' dir='ltr' id='par_1_1' title="bbox 705 311 1044 352">
     <span class='ocr_line' id='line_1_1' title="bbox 705 311 1044 352; baseline -0.003 -11"><span class='ocrx_word' id='word_1_1' title='bbox 705 311 1044 352; x_wconf 74' lang='lat'><strong>...61—</strong></span> 
     </span>
    </p>
   </div>
   <div class='ocr_carea' id='block_1_2' title="bbox 177 436 1576 628">
    <p class='ocr_par' dir='ltr' id='par_1_2' title="bbox 177 436 1576 628">
     <span class='ocr_line' id='line_1_2' title="bbox 179 436 1570 495; baseline 0.008 -16"><span class='ocrx_word' id='word_1_2' title='bbox 179 436 323 495; x_wconf 79' lang='grc' dir='ltr'><strong>μέλει.</strong></span> <span class='ocrx_word' id='word_1_3' title='bbox 335 444 365 464; x_wconf 87' lang='lat'><strong>“</strong></span> <span class='ocrx_word' id='word_1_4' title='bbox 414 441 631 495; x_wconf 84' lang='lat' dir='ltr'><strong>Apparet,</strong></span> <span class='ocrx_word' id='word_1_5' title='bbox 662 441 931 495; x_wconf 77' lang='lat' dir='ltr'><strong>quammale</strong></span> <span class='ocrx_word' id='word_1_6' title='bbox 960 441 1127 483; x_wconf 84' lang='lat' dir='ltr'><strong>Graeca</strong></span> <span class='ocrx_word' id='word_1_7' title='bbox 1156 458 1179 483; x_wconf 81' lang='lat' dir='ltr'>a</span> <span class='ocrx_word' id='word_1_8' title='bbox 1204 444 1388 486; x_wconf 78' lang='lat' dir='ltr'><strong>librariis</strong></span> <span class='ocrx_word' id='word_1_9' title='bbox 1423 448 1570 490; x_wconf 74' lang='lat' dir='ltr'>habita</span> 
     </span>
     <span class='ocr_line' id='line_1_3' title="bbox 178 514 1576 575; baseline 0.001 -21"><span class='ocrx_word' id='word_1_10' title='bbox 178 520 288 563; x_wconf 80' lang='lat' dir='ltr'><strong>sint,</strong></span> <span class='ocrx_word' id='word_1_11' title='bbox 316 515 395 555; x_wconf 88' lang='lat' dir='ltr'><strong>sed</strong></span> <span class='ocrx_word' id='word_1_12' title='bbox 421 525 600 568; x_wconf 80' lang='lat' dir='ltr'><strong>apparet</strong></span> <span class='ocrx_word' id='word_1_13' title='bbox 629 518 782 564; x_wconf 84' lang='lat' dir='ltr'><strong>etiam,</strong></span> <span class='ocrx_word' id='word_1_14' title='bbox 808 514 1035 555; x_wconf 83' lang='lat' dir='ltr'><strong>Ruffinum</strong></span> <span class='ocrx_word' id='word_1_15' title='bbox 1060 514 1169 556; x_wconf 87' lang='lat' dir='ltr'><strong>haec</strong></span> <span class='ocrx_word' id='word_1_16' title='bbox 1190 531 1284 558; x_wconf 86' lang='lat' dir='ltr'><strong>non</strong></span> <span class='ocrx_word' id='word_1_17' title='bbox 1309 533 1389 571; x_wconf 91' lang='lat' dir='ltr'><strong>pro</strong></span> <span class='ocrx_word' id='word_1_18' title='bbox 1410 522 1576 575; x_wconf 78' lang='lat' dir='ltr'><strong>glosse-</strong></span> 
     </span>
     <span class='ocr_line' id='line_1_4' title="bbox 177 587 527 628; baseline -0.003 0"><span class='ocrx_word' id='word_1_19' title='bbox 177 598 295 628; x_wconf 79' lang='lat' dir='ltr'><strong>mate</strong></span> <span class='ocrx_word' id='word_1_20' title='bbox 312 587 527 628; x_wconf 83' lang='lat' dir='ltr'><strong>habuisse.</strong></span> 
     </span>
    </p>
   </div>
   <div class='ocr_carea' id='block_1_3' title="bbox 119 667 1572 2854">
    <p class='ocr_par' dir='ltr' id='par_1_3' title="bbox 119 667 1572 1726">
     <span class='ocr_line' id='line_1_5' title="bbox 282 667 1572 738; baseline 0.007 -22"><span class='ocrx_word' id='word_1_21' title='bbox 282 678 335 717; x_wconf 89' lang='lat' dir='ltr'><strong>V.</strong></span> <span class='ocrx_word' id='word_1_22' title='bbox 359 692 394 717; x_wconf 87' lang='lat'><strong>1.</strong></span> <span class='ocrx_word' id='word_1_23' title='bbox 432 669 512 714; x_wconf 79' lang='grc' dir='ltr'><strong>Τὰ</strong></span> <span class='ocrx_word' id='word_1_24' title='bbox 539 667 736 727; x_wconf 81' lang='grc' dir='ltr'><strong>Γύγεω</strong></span> <span class='ocrx_word' id='word_1_25' title='bbox 776 671 879 715; x_wconf 76' lang='grc' dir='ltr'><strong>τοῦ</strong></span> <span class='ocrx_word' id='word_1_26' title='bbox 917 671 1307 731; x_wconf 79' lang='grc' dir='ltr'>πολυχρύσου.</span> <span class='ocrx_word' id='word_1_27' title='bbox 1344 681 1412 721; x_wconf 88' lang='lat' dir='ltr'><strong>De</strong></span> <span class='ocrx_word' id='word_1_28' title='bbox 1446 684 1572 738; x_wconf 82' lang='lat' dir='ltr'><strong>Gyge</strong></span> 
     </span>
     <span class='ocr_line' id='line_1_6' title="bbox 178 748 1570 808; baseline 0.003 -17"><span class='ocrx_word' id='word_1_29' title='bbox 178 751 280 791; x_wconf 83' lang='lat' dir='ltr'><strong>vide</strong></span> <span class='ocrx_word' id='word_1_30' title='bbox 301 749 514 808; x_wconf 84' lang='lat' dir='ltr'><strong>Herodot.</strong></span> <span class='ocrx_word' id='word_1_31' title='bbox 534 748 563 788; x_wconf 92' lang='lat' dir='ltr'><strong>l.</strong></span> <span class='ocrx_word' id='word_1_32' title='bbox 591 762 626 788; x_wconf 92' lang='lat' dir='ltr'><strong>c.</strong></span> <span class='ocrx_word' id='word_1_33' title='bbox 649 749 819 788; x_wconf 83' lang='lat' dir='ltr'><strong>Platon.</strong></span> <span class='ocrx_word' id='word_1_34' title='bbox 842 749 897 789; x_wconf 90' lang='lat' dir='ltr'><strong>de</strong></span> <span class='ocrx_word' id='word_1_35' title='bbox 918 750 1106 803; x_wconf 89' lang='lat' dir='ltr'><strong>Republ.</strong></span> <span class='ocrx_word' id='word_1_36' title='bbox 1133 753 1181 790; x_wconf 88' lang='lat' dir='ltr'><strong>L.</strong></span> <span class='ocrx_word' id='word_1_37' title='bbox 1201 752 1254 791; x_wconf 89' lang='lat' dir='ltr'><strong>H.</strong></span> <span class='ocrx_word' id='word_1_38' title='bbox 1281 767 1323 806; x_wconf 88' lang='lat' dir='ltr'><strong>p.</strong></span> <span class='ocrx_word' id='word_1_39' title='bbox 1348 767 1435 793; x_wconf 87' lang='lat'><strong>211.</strong></span> <span class='ocrx_word' id='word_1_40' title='bbox 1467 758 1570 796; x_wconf 81' lang='lat' dir='ltr'><strong>edit.</strong></span> 
     </span>
     <span class='ocr_line' id='line_1_7' title="bbox 177 821 1571 880; baseline 0.004 -17"><span class='ocrx_word' id='word_1_41' title='bbox 177 824 352 876; x_wconf 84' lang='lat' dir='ltr'><strong>Bipont.</strong></span> <span class='ocrx_word' id='word_1_42' title='bbox 378 821 529 862; x_wconf 88' lang='lat' dir='ltr'><strong>lustin.</strong></span> <span class='ocrx_word' id='word_1_43' title='bbox 548 822 596 860; x_wconf 91' lang='lat' dir='ltr'><strong>L.</strong></span> <span class='ocrx_word' id='word_1_44' title='bbox 616 822 648 860; x_wconf 96' lang='lat' dir='ltr'><strong>I.</strong></span> <span class='ocrx_word' id='word_1_45' title='bbox 670 822 716 861; x_wconf 92' lang='lat' dir='ltr'><strong>C.</strong></span> <span class='ocrx_word' id='word_1_46' title='bbox 736 834 773 872; x_wconf 91' lang='lat'><strong>7.</strong></span> <span class='ocrx_word' id='word_1_47' title='bbox 802 822 1016 877; x_wconf 54' lang='lat' dir='ltr'><strong>Regn‘avit</strong></span> <span class='ocrx_word' id='word_1_48' title='bbox 1033 828 1066 863; x_wconf 88' lang='lat' dir='ltr'><strong>is</strong></span> <span class='ocrx_word' id='word_1_49' title='bbox 1087 828 1197 864; x_wconf 79' lang='lat' dir='ltr'>circa</span> <span class='ocrx_word' id='word_1_50' title='bbox 1219 825 1391 880; x_wconf 86' lang='lat' dir='ltr'><strong>Olymp.</strong></span> <span class='ocrx_word' id='word_1_51' title='bbox 1408 825 1571 869; x_wconf 85' lang='lat' dir='ltr'>XXVI.</span> 
     </span>
     <span class='ocr_line' id='line_1_8' title="bbox 176 893 1571 954; baseline 0.004 -14"><span class='ocrx_word' id='word_1_52' title='bbox 176 901 288 940; x_wconf 82' lang='lat' dir='ltr'><strong>Eum</strong></span> <span class='ocrx_word' id='word_1_53' title='bbox 306 901 437 940; x_wconf 82' lang='lat' dir='ltr'><strong>fuisse</strong></span> <span class='ocrx_word' id='word_1_54' title='bbox 458 893 764 952; x_wconf 78' lang='grc' dir='ltr'>πολύχρυσον,</span> <span class='ocrx_word' id='word_1_55' title='bbox 787 905 887 938; x_wconf 84' lang='lat' dir='ltr'><strong>satis</strong></span> <span class='ocrx_word' id='word_1_56' title='bbox 909 903 1053 939; x_wconf 84' lang='lat' dir='ltr'><strong>testari</strong></span> <span class='ocrx_word' id='word_1_57' title='bbox 1073 912 1254 954; x_wconf 88' lang='lat' dir='ltr'><strong>possunt</strong></span> <span class='ocrx_word' id='word_1_58' title='bbox 1276 902 1455 943; x_wconf 82' lang='lat' dir='ltr'><strong>donaria</strong></span> <span class='ocrx_word' id='word_1_59' title='bbox 1480 910 1571 946; x_wconf 87' lang='lat' dir='ltr'><strong>eius</strong></span> 
     </span>
     <span class='ocr_line' id='line_1_9' title="bbox 178 970 1569 1027; baseline 0.004 -14"><span class='ocrx_word' id='word_1_60' title='bbox 178 987 310 1014; x_wconf 82' lang='lat' dir='ltr'><strong>aurea</strong></span> <span class='ocrx_word' id='word_1_61' title='bbox 332 983 627 1027; x_wconf 84' lang='lat' dir='ltr'><strong>argenteaque</strong></span> <span class='ocrx_word' id='word_1_62' title='bbox 645 970 843 1024; x_wconf 89' lang='lat' dir='ltr'><strong>Delphos</strong></span> <span class='ocrx_word' id='word_1_63' title='bbox 867 976 1009 1021; x_wconf 83' lang='lat' dir='ltr'><strong>missa,</strong></span> <span class='ocrx_word' id='word_1_64' title='bbox 1039 974 1093 1012; x_wconf 91' lang='lat' dir='ltr'><strong>de</strong></span> <span class='ocrx_word' id='word_1_65' title='bbox 1115 973 1270 1027; x_wconf 90' lang='lat' dir='ltr'><strong>quibus</strong></span> <span class='ocrx_word' id='word_1_66' title='bbox 1291 976 1541 1018; x_wconf 78' lang='lat' dir='ltr'><strong>Herodotus</strong></span> <span class='ocrx_word' id='word_1_67' title='bbox 1557 995 1569 1019; x_wconf 90' lang='lat'>:</span> 
     </span>
     <span class='ocr_line' id='line_1_10' title="bbox 119 1042 1566 1108; baseline 0.006 -20"><span class='ocrx_word' id='word_1_68' title='bbox 119 1093 125 1097; x_wconf 26' lang='lat'>⁵</span> <span class='ocrx_word' id='word_1_69' title='bbox 175 1046 347 1105; x_wconf 74' lang='grc' dir='ltr'><strong>χρυσὸν</strong></span> <span class='ocrx_word' id='word_1_70' title='bbox 394 1042 593 1089; x_wconf 71' lang='grc' dir='ltr'><strong>ἄπλετον</strong></span> <span class='ocrx_word' id='word_1_71' title='bbox 631 1045 859 1102; x_wconf 74' lang='grc' dir='ltr'><strong>ἀνέθηκεν.</strong></span> <span class='ocrx_word' id='word_1_72' title='bbox 930 1050 1173 1091; x_wconf 78' lang='lat' dir='ltr'><strong>Philostrat.</strong></span> <span class='ocrx_word' id='word_1_73' title='bbox 1215 1055 1263 1090; x_wconf 88' lang='lat' dir='ltr'><strong>in</strong></span> <span class='ocrx_word' id='word_1_74' title='bbox 1296 1053 1383 1093; x_wconf 78' lang='lat' dir='ltr'><strong>Vit.</strong></span> <span class='ocrx_word' id='word_1_75' title='bbox 1421 1056 1566 1108; x_wconf 86' lang='lat' dir='ltr'><strong>Apoll.</strong></span> 
     </span>
     <span class='ocr_line' id='line_1_11' title="bbox 174 1120 1570 1182; baseline -0.001 -12"><span class='ocrx_word' id='word_1_76' title='bbox 174 1129 357 1170; x_wconf 83' lang='lat' dir='ltr'><strong>LVIII.</strong></span> <span class='ocrx_word' id='word_1_77' title='bbox 395 1130 444 1169; x_wconf 85' lang='lat' dir='ltr'><strong>C.</strong></span> <span class='ocrx_word' id='word_1_78' title='bbox 465 1142 527 1167; x_wconf 79' lang='lat'><strong>21.</strong></span> <span class='ocrx_word' id='word_1_79' title='bbox 563 1142 608 1181; x_wconf 89' lang='lat' dir='ltr'><strong>p.</strong></span> <span class='ocrx_word' id='word_1_80' title='bbox 633 1128 721 1178; x_wconf 74' lang='grc'><strong>564.</strong></span> <span class='ocrx_word' id='word_1_81' title='bbox 773 1120 910 1172; x_wconf 73' lang='grc' dir='ltr'>”Οδε,</span> <span class='ocrx_word' id='word_1_82' title='bbox 950 1122 1094 1182; x_wconf 67' lang='grc' dir='ltr'><em>ὥσπερ</em></span> <span class='ocrx_word' id='word_1_83' title='bbox 1134 1121 1236 1171; x_wconf 69' lang='grc' dir='ltr'><strong>τοὺς</strong></span> <span class='ocrx_word' id='word_1_84' title='bbox 1263 1123 1414 1182; x_wconf 64' lang='lat' dir='ltr'><strong>Hya&lt;</strong></span> <span class='ocrx_word' id='word_1_85' title='bbox 1454 1130 1570 1181; x_wconf 76' lang='grc' dir='ltr'><strong>φασὶ</strong></span> 
     </span>
     <span class='ocr_line' id='line_1_12' title="bbox 174 1200 1569 1263; baseline 0.001 -17"><span class='ocrx_word' id='word_1_86' title='bbox 174 1202 250 1246; x_wconf 76' lang='grc' dir='ltr'><strong>καὶ</strong></span> <span class='ocrx_word' id='word_1_87' title='bbox 279 1203 489 1259; x_wconf 76' lang='grc' dir='ltr'>Κροίσους</span> <span class='ocrx_word' id='word_1_88' title='bbox 534 1200 765 1254; x_wconf 81' lang='grc' dir='ltr'>ἂκλείςους</span> <span class='ocrx_word' id='word_1_89' title='bbox 805 1201 1019 1258; x_wconf 80' lang='grc' dir='ltr'><strong><em>παρέχειν</em></strong></span> <span class='ocrx_word' id='word_1_90' title='bbox 1064 1204 1142 1254; x_wconf 77' lang='grc' dir='ltr'><strong>τὰς</strong></span> <span class='ocrx_word' id='word_1_91' title='bbox 1191 1204 1281 1245; x_wconf 79' lang='grc' dir='ltr'><strong>τῶν</strong></span> <span class='ocrx_word' id='word_1_92' title='bbox 1329 1208 1569 1263; x_wconf 72' lang='grc' dir='ltr'><strong>θησαυρῶν</strong></span> 
     </span>
     <span class='ocr_line' id='line_1_13' title="bbox 173 1277 1569 1343; baseline 0.005 -20"><span class='ocrx_word' id='word_1_93' title='bbox 173 1279 337 1340; x_wconf 72' lang='grc' dir='ltr'><em>θύρας,</em></span> <span class='ocrx_word' id='word_1_94' title='bbox 377 1279 426 1322; x_wconf 80' lang='grc' dir='ltr'><strong>ἵν’</strong></span> <span class='ocrx_word' id='word_1_95' title='bbox 456 1278 701 1323; x_wconf 79' lang='grc' dir='ltr'><strong><em>ἂπαντλεῖν</em></strong></span> <span class='ocrx_word' id='word_1_96' title='bbox 733 1277 797 1336; x_wconf 76' lang='grc' dir='ltr'><strong>εἴη</strong></span> <span class='ocrx_word' id='word_1_97' title='bbox 826 1281 919 1329; x_wconf 80' lang='grc' dir='ltr'><strong>τοῖς</strong></span> <span class='ocrx_word' id='word_1_98' title='bbox 948 1280 1187 1333; x_wconf 77' lang='grc' dir='ltr'><strong><em>δεομένοις.</em></strong></span> <span class='ocrx_word' id='word_1_99' title='bbox 1228 1278 1348 1325; x_wconf 73' lang='grc' dir='ltr'><strong>οὕτω</strong></span> <span class='ocrx_word' id='word_1_100' title='bbox 1378 1287 1569 1343; x_wconf 76' lang='grc' dir='ltr'>παρεῖχε</span> 
     </span>
     <span class='ocr_line' id='line_1_14' title="bbox 172 1357 1568 1416; baseline -0.001 -14"><span class='ocrx_word' id='word_1_101' title='bbox 172 1359 254 1415; x_wconf 67' lang='grc' dir='ltr'><strong>τὴν</strong></span> <span class='ocrx_word' id='word_1_102' title='bbox 294 1358 455 1402; x_wconf 77' lang='grc' dir='ltr'>ἑαυτοῦ</span> <span class='ocrx_word' id='word_1_103' title='bbox 495 1357 659 1412; x_wconf 80' lang='grc' dir='ltr'><strong><em>σοφίαν</em></strong></span> <span class='ocrx_word' id='word_1_104' title='bbox 694 1359 788 1408; x_wconf 82' lang='grc' dir='ltr'><strong>τοῖς</strong></span> <span class='ocrx_word' id='word_1_105' title='bbox 823 1357 1017 1416; x_wconf 78' lang='grc' dir='ltr'>ἐρωτῶσι</span> <span class='ocrx_word' id='word_1_106' title='bbox 1048 1375 1090 1400; x_wconf 79' lang='grc' dir='ltr'><strong>κ.</strong></span> <span class='ocrx_word' id='word_1_107' title='bbox 1121 1374 1161 1402; x_wconf 82' lang='grc' dir='ltr'><strong>τ.</strong></span> <span class='ocrx_word' id='word_1_108' title='bbox 1192 1357 1235 1400; x_wconf 86' lang='grc' dir='ltr'><strong>λ.</strong></span> <span class='ocrx_word' id='word_1_109' title='bbox 1263 1365 1444 1405; x_wconf 90' lang='lat' dir='ltr'><strong>Leonid.</strong></span> <span class='ocrx_word' id='word_1_110' title='bbox 1482 1370 1568 1408; x_wconf 77' lang='lat' dir='ltr'><strong>Ta..</strong></span> 
     </span>
     <span class='ocr_line' id='line_1_15' title="bbox 172 1435 1567 1496; baseline 0.001 -15"><span class='ocrx_word' id='word_1_111' title='bbox 172 1452 284 1482; x_wconf 86' lang='lat' dir='ltr'><strong>rent.</strong></span> <span class='ocrx_word' id='word_1_112' title='bbox 313 1442 574 1495; x_wconf 82' lang='lat' dir='ltr'><strong>Epigramm.</strong></span> <span class='ocrx_word' id='word_1_113' title='bbox 607 1439 763 1478; x_wconf 86' lang='lat' dir='ltr'><strong>LXIX.</strong></span> <span class='ocrx_word' id='word_1_114' title='bbox 802 1461 854 1469; x_wconf 88' lang='lat'><strong>-—-</strong></span> <span class='ocrx_word' id='word_1_115' title='bbox 891 1461 943 1469; x_wconf 90' lang='lat'><strong>-—</strong></span> <span class='ocrx_word' id='word_1_116' title='bbox 983 1435 1174 1494; x_wconf 69' lang='grc' dir='ltr'><strong><em>Κρήθων</em></strong></span> <span class='ocrx_word' id='word_1_117' title='bbox 1213 1435 1247 1479; x_wconf 76' lang='grc' dir='ltr'><strong>δ’</strong></span> <span class='ocrx_word' id='word_1_118' title='bbox 1286 1435 1329 1480; x_wconf 81' lang='grc' dir='ltr'><strong>ἐν</strong></span> <span class='ocrx_word' id='word_1_119' title='bbox 1365 1441 1567 1496; x_wconf 73' lang='grc' dir='ltr'><strong>χθονίοις</strong></span> 
     </span>
     <span class='ocr_line' id='line_1_16' title="bbox 173 1509 1567 1574; baseline 0.001 -16"><span class='ocrx_word' id='word_1_120' title='bbox 173 1514 332 1558; x_wconf 72' lang='grc' dir='ltr'>σποδιᾶ</span> <span class='ocrx_word' id='word_1_121' title='bbox 369 1515 423 1556; x_wconf 82' lang='lat' dir='ltr'><strong>‘O</strong></span> <span class='ocrx_word' id='word_1_122' title='bbox 462 1514 562 1572; x_wconf 78' lang='grc' dir='ltr'><strong>πρὶν</strong></span> <span class='ocrx_word' id='word_1_123' title='bbox 601 1512 675 1555; x_wconf 78' lang='grc' dir='ltr'><strong>καὶ</strong></span> <span class='ocrx_word' id='word_1_124' title='bbox 719 1511 848 1568; x_wconf 74' lang='grc' dir='ltr'><strong>Γύγη</strong></span> <span class='ocrx_word' id='word_1_125' title='bbox 887 1509 1200 1570; x_wconf 79' lang='grc' dir='ltr'><strong>παρισεύμενος</strong></span> <span class='ocrx_word' id='word_1_126' title='bbox 1244 1511 1402 1568; x_wconf 79' lang='grc' dir='ltr'><strong>ὄλβον.</strong></span> <span class='ocrx_word' id='word_1_127' title='bbox 1468 1524 1567 1574; x_wconf 80' lang='lat' dir='ltr'><strong>Ipsa</strong></span> 
     </span>
     <span class='ocr_line' id='line_1_17' title="bbox 170 1588 1566 1655; baseline 0.001 -16"><span class='ocrx_word' id='word_1_128' title='bbox 170 1599 393 1654; x_wconf 80' lang='lat' dir='ltr'><strong>Lydorum</strong></span> <span class='ocrx_word' id='word_1_129' title='bbox 424 1609 535 1638; x_wconf 84' lang='lat' dir='ltr'><strong>terra</strong></span> <span class='ocrx_word' id='word_1_130' title='bbox 564 1597 619 1636; x_wconf 88' lang='lat' dir='ltr'><strong>ab</strong></span> <span class='ocrx_word' id='word_1_131' title='bbox 649 1595 859 1649; x_wconf 83' lang='lat' dir='ltr'><strong>Euripide</strong></span> <span class='ocrx_word' id='word_1_132' title='bbox 897 1588 1185 1649; x_wconf 74' lang='grc' dir='ltr'>πολύχρυσος</span> <span class='ocrx_word' id='word_1_133' title='bbox 1222 1597 1380 1638; x_wconf 78' lang='lat' dir='ltr'><strong>dicitur</strong></span> <span class='ocrx_word' id='word_1_134' title='bbox 1414 1596 1566 1655; x_wconf 77' lang='grc' dir='ltr'><strong>Βάκχ.</strong></span> 
     </span>
     <span class='ocr_line' id='line_1_18' title="bbox 171 1667 1378 1726; baseline -0.002 -8"><span class='ocrx_word' id='word_1_135' title='bbox 171 1691 212 1718; x_wconf 82' lang='lat' dir='ltr'><strong>v.</strong></span> <span class='ocrx_word' id='word_1_136' title='bbox 234 1685 293 1725; x_wconf 83' lang='lat'><strong>13.</strong></span> <span class='ocrx_word' id='word_1_137' title='bbox 344 1671 495 1715; x_wconf 81' lang='grc' dir='ltr'><strong><em>Λιπὼν</em></strong></span> <span class='ocrx_word' id='word_1_138' title='bbox 529 1670 574 1713; x_wconf 78' lang='grc' dir='ltr'><strong>δὲ</strong></span> <span class='ocrx_word' id='word_1_139' title='bbox 603 1669 757 1713; x_wconf 81' lang='grc' dir='ltr'>Λυδῶν</span> <span class='ocrx_word' id='word_1_140' title='bbox 787 1673 865 1722; x_wconf 79' lang='grc' dir='ltr'><strong>τὰς</strong></span> <span class='ocrx_word' id='word_1_141' title='bbox 894 1667 1210 1726; x_wconf 79' lang='grc' dir='ltr'>πολυχρύσους</span> <span class='ocrx_word' id='word_1_142' title='bbox 1239 1672 1378 1726; x_wconf 79' lang='grc' dir='ltr'><strong>γυίας.</strong></span> 
     </span>
    </p>

    <p class='ocr_par' dir='ltr' id='par_1_4' title="bbox 171 1754 1567 2118">
     <span class='ocr_line' id='line_1_19' title="bbox 273 1754 1564 1819; baseline -0.001 -15"><span class='ocrx_word' id='word_1_143' title='bbox 273 1767 328 1806; x_wconf 88' lang='lat' dir='ltr'><strong>V.</strong></span> <span class='ocrx_word' id='word_1_144' title='bbox 356 1780 393 1804; x_wconf 83' lang='lat'><strong>2.</strong></span> <span class='ocrx_word' id='word_1_145' title='bbox 419 1773 458 1812; x_wconf 79' lang='grc'><strong>5.</strong></span> <span class='ocrx_word' id='word_1_146' title='bbox 505 1754 632 1803; x_wconf 77' lang='grc' dir='ltr'><strong>Οὖὸ’</strong></span> <span class='ocrx_word' id='word_1_147' title='bbox 684 1760 963 1817; x_wconf 72' lang='grc' dir='ltr'><strong>ἀγαίομαι</strong></span> <span class='ocrx_word' id='word_1_148' title='bbox 1008 1759 1163 1800; x_wconf 78' lang='grc' dir='ltr'><strong><em>Θεῶν</em></strong></span> <span class='ocrx_word' id='word_1_149' title='bbox 1213 1757 1363 1816; x_wconf 76' lang='grc' dir='ltr'><strong>ἔργα.</strong></span> <span class='ocrx_word' id='word_1_150' title='bbox 1426 1765 1564 1819; x_wconf 78' lang='lat' dir='ltr'><strong>Etym.</strong></span> 
     </span>
     <span class='ocr_line' id='line_1_20' title="bbox 171 1831 1566 1896; baseline -0.004 -11"><span class='ocrx_word' id='word_1_151' title='bbox 171 1846 236 1885; x_wconf 93' lang='lat' dir='ltr'><strong>M.</strong></span> <span class='ocrx_word' id='word_1_152' title='bbox 262 1858 302 1883; x_wconf 88' lang='lat' dir='ltr'><strong>v.</strong></span> <span class='ocrx_word' id='word_1_153' title='bbox 329 1838 543 1896; x_wconf 77' lang='grc' dir='ltr'><strong>ἀγαίομαι</strong></span> <span class='ocrx_word' id='word_1_154' title='bbox 572 1864 627 1871; x_wconf 89' lang='grc'>-</span> <span class='ocrx_word' id='word_1_155' title='bbox 653 1838 829 1881; x_wconf 73' lang='grc' dir='ltr'><strong><em>τίθεται</em></strong></span> <span class='ocrx_word' id='word_1_156' title='bbox 861 1837 905 1879; x_wconf 79' lang='grc' dir='ltr'><strong>δὲ</strong></span> <span class='ocrx_word' id='word_1_157' title='bbox 934 1835 958 1893; x_wconf 73' lang='grc' dir='ltr'>ἦ</span> <span class='ocrx_word' id='word_1_158' title='bbox 989 1831 1110 1886; x_wconf 72' lang='grc' dir='ltr'>λέξις</span> <span class='ocrx_word' id='word_1_159' title='bbox 1139 1836 1212 1879; x_wconf 80' lang='grc' dir='ltr'><strong>καὶ</strong></span> <span class='ocrx_word' id='word_1_160' title='bbox 1239 1836 1307 1880; x_wconf 79' lang='grc' dir='ltr'><strong>ἐπὶ</strong></span> <span class='ocrx_word' id='word_1_161' title='bbox 1338 1838 1418 1881; x_wconf 77' lang='grc' dir='ltr'><strong>τοῦ</strong></span> <span class='ocrx_word' id='word_1_162' title='bbox 1451 1840 1566 1891; x_wconf 64' lang='lat'><strong>§230-</strong></span> 
     </span>
     <span class='ocr_line' id='line_1_21' title="bbox 172 1914 1565 1973; baseline -0.001 -13"><span class='ocrx_word' id='word_1_163' title='bbox 172 1920 261 1960; x_wconf 82' lang='grc' dir='ltr'><strong><em>νεῖν</em></strong></span> <span class='ocrx_word' id='word_1_164' title='bbox 290 1916 364 1959; x_wconf 79' lang='grc' dir='ltr'><strong>καὶ</strong></span> <span class='ocrx_word' id='word_1_165' title='bbox 408 1916 475 1959; x_wconf 76' lang='grc' dir='ltr'><strong>ἐπὶ</strong></span> <span class='ocrx_word' id='word_1_166' title='bbox 503 1916 584 1959; x_wconf 80' lang='grc' dir='ltr'><strong>τοῦ</strong></span> <span class='ocrx_word' id='word_1_167' title='bbox 614 1914 892 1973; x_wconf 70' lang='grc' dir='ltr'><strong>θαυμάζειν,</strong></span> <span class='ocrx_word' id='word_1_168' title='bbox 921 1933 1035 1972; x_wconf 81' lang='lat' dir='ltr'><strong>quae</strong></span> <span class='ocrx_word' id='word_1_169' title='bbox 1067 1923 1283 1972; x_wconf 88' lang='lat' dir='ltr'>posterior</span> <span class='ocrx_word' id='word_1_170' title='bbox 1308 1918 1565 1972; x_wconf 69' lang='lat' dir='ltr'><strong>significatio</strong></span> 
     </span>
     <span class='ocr_line' id='line_1_22' title="bbox 173 1992 1567 2044; baseline -0.003 -10"><span class='ocrx_word' id='word_1_171' title='bbox 173 2006 239 2035; x_wconf 86' lang='lat' dir='ltr'><strong>est</strong></span> <span class='ocrx_word' id='word_1_172' title='bbox 265 1995 390 2034; x_wconf 79' lang='lat' dir='ltr'><strong>huius</strong></span> <span class='ocrx_word' id='word_1_173' title='bbox 417 1995 518 2033; x_wconf 85' lang='lat' dir='ltr'><strong>loci.</strong></span> <span class='ocrx_word' id='word_1_174' title='bbox 580 1993 651 2033; x_wconf 84' lang='lat' dir='ltr'><strong>Ad</strong></span> <span class='ocrx_word' id='word_1_175' title='bbox 678 2007 852 2033; x_wconf 87' lang='lat' dir='ltr'><strong>sensum</strong></span> <span class='ocrx_word' id='word_1_176' title='bbox 880 2006 984 2031; x_wconf 84' lang='lat' dir='ltr'><strong>vero</strong></span> <span class='ocrx_word' id='word_1_177' title='bbox 1017 1992 1319 2043; x_wconf 84' lang='lat' dir='ltr'><strong>explicandum</strong></span> <span class='ocrx_word' id='word_1_178' title='bbox 1344 1992 1475 2044; x_wconf 84' lang='lat' dir='ltr'><strong>plane</strong></span> <span class='ocrx_word' id='word_1_179' title='bbox 1503 1992 1567 2031; x_wconf 80' lang='lat' dir='ltr'><strong>fa·-</strong></span> 
     </span>
     <span class='ocr_line' id='line_1_23' title="bbox 172 2064 1302 2118; baseline -0.004 -9"><span class='ocrx_word' id='word_1_180' title='bbox 172 2073 294 2109; x_wconf 83' lang='lat' dir='ltr'><strong>ciunt</strong></span> <span class='ocrx_word' id='word_1_181' title='bbox 309 2069 384 2108; x_wconf 78' lang='lat' dir='ltr'><strong>illa</strong></span> <span class='ocrx_word' id='word_1_182' title='bbox 403 2069 643 2107; x_wconf 81' lang='lat' dir='ltr'><strong>Horatiana</strong></span> <span class='ocrx_word' id='word_1_183' title='bbox 661 2067 740 2118; x_wconf 89' lang='lat' dir='ltr'><strong>Ep.</strong></span> <span class='ocrx_word' id='word_1_184' title='bbox 763 2066 796 2105; x_wconf 93' lang='lat' dir='ltr'><strong>I.</strong></span> <span class='ocrx_word' id='word_1_185' title='bbox 817 2066 869 2109; x_wconf 88' lang='lat'><strong>6,</strong></span> <span class='ocrx_word' id='word_1_186' title='bbox 900 2079 934 2103; x_wconf 90' lang='lat'><strong>1.</strong></span> <span class='ocrx_word' id='word_1_187' title='bbox 958 2064 1013 2102; x_wconf 82' lang='lat' dir='ltr'><strong>ad</strong></span> <span class='ocrx_word' id='word_1_188' title='bbox 1030 2065 1302 2104; x_wconf 88' lang='lat' dir='ltr'><strong>Numicium:</strong></span> 
     </span>
    </p>

    <p class='ocr_par' dir='ltr' id='par_1_5' title="bbox 169 2131 1566 2854">
     <span class='ocr_line' id='line_1_24' title="bbox 304 2131 1332 2192; baseline -0.004 -12"><span class='ocrx_word' id='word_1_189' title='bbox 304 2141 379 2181; x_wconf 88' lang='lat' dir='ltr'><strong>Nil</strong></span> <span class='ocrx_word' id='word_1_190' title='bbox 406 2140 607 2179; x_wconf 77' lang='lat' dir='ltr'><strong>admirari</strong></span> <span class='ocrx_word' id='word_1_191' title='bbox 631 2152 773 2192; x_wconf 87' lang='lat' dir='ltr'>prope</span> <span class='ocrx_word' id='word_1_192' title='bbox 798 2152 865 2178; x_wconf 90' lang='lat' dir='ltr'><strong>res</strong></span> <span class='ocrx_word' id='word_1_193' title='bbox 894 2148 958 2177; x_wconf 85' lang='lat' dir='ltr'><strong>est</strong></span> <span class='ocrx_word' id='word_1_194' title='bbox 982 2151 1094 2185; x_wconf 83' lang='lat' dir='ltr'><strong>una,</strong></span> <span class='ocrx_word' id='word_1_195' title='bbox 1132 2131 1332 2185; x_wconf 41' lang='lat' dir='ltr'><strong>Numici.</strong></span> 
     </span>
     <span class='ocr_line' id='line_1_25' title="bbox 305 2202 1488 2266; baseline -0.002 -13"><span class='ocrx_word' id='word_1_196' title='bbox 305 2214 521 2266; x_wconf 74' lang='lat' dir='ltr'><strong>Solaque,</strong></span> <span class='ocrx_word' id='word_1_197' title='bbox 562 2202 674 2265; x_wconf 66' lang='lat' dir='ltr'><strong>quee</strong></span> <span class='ocrx_word' id='word_1_198' title='bbox 699 2214 835 2265; x_wconf 82' lang='lat' dir='ltr'><strong>possit</strong></span> <span class='ocrx_word' id='word_1_199' title='bbox 860 2211 1004 2250; x_wconf 85' lang='lat' dir='ltr'><strong>facere</strong></span> <span class='ocrx_word' id='word_1_200' title='bbox 1034 2220 1077 2248; x_wconf 88' lang='lat' dir='ltr'><strong>et</strong></span> <span class='ocrx_word' id='word_1_201' title='bbox 1102 2223 1271 2249; x_wconf 84' lang='lat' dir='ltr'><strong>servare</strong></span> <span class='ocrx_word' id='word_1_202' title='bbox 1298 2210 1488 2251; x_wconf 81' lang='lat' dir='ltr'><strong>beatum.</strong></span> 
     </span>
     <span class='ocr_line' id='line_1_26' title="bbox 305 2283 1349 2326; baseline -0.004 0"><span class='ocrx_word' id='word_1_203' title='bbox 305 2287 436 2325; x_wconf 88' lang='lat' dir='ltr'><strong>Hunc</strong></span> <span class='ocrx_word' id='word_1_204' title='bbox 461 2286 598 2326; x_wconf 86' lang='lat' dir='ltr'><strong>solem</strong></span> <span class='ocrx_word' id='word_1_205' title='bbox 627 2295 670 2325; x_wconf 86' lang='lat' dir='ltr'><strong>et</strong></span> <span class='ocrx_word' id='word_1_206' title='bbox 695 2284 838 2324; x_wconf 83' lang='lat' dir='ltr'><strong>stellas</strong></span> <span class='ocrx_word' id='word_1_207' title='bbox 867 2294 910 2323; x_wconf 88' lang='lat' dir='ltr'><strong>et</strong></span> <span class='ocrx_word' id='word_1_208' title='bbox 937 2283 1197 2322; x_wconf 80' lang='lat' dir='ltr'>decedentia</span> <span class='ocrx_word' id='word_1_209' title='bbox 1225 2286 1349 2322; x_wconf 76' lang='lat' dir='ltr'><strong>certis</strong></span> 
     </span>
     <span class='ocr_line' id='line_1_27' title="bbox 302 2356 1413 2412; baseline -0.002 -14"><span class='ocrx_word' id='word_1_210' title='bbox 302 2359 521 2412; x_wconf 87' lang='lat' dir='ltr'><strong>Tempora</strong></span> <span class='ocrx_word' id='word_1_211' title='bbox 546 2362 776 2399; x_wconf 83' lang='lat' dir='ltr'><strong>momentis</strong></span> <span class='ocrx_word' id='word_1_212' title='bbox 802 2367 903 2398; x_wconf 85' lang='lat' dir='ltr'><strong>sunt</strong></span> <span class='ocrx_word' id='word_1_213' title='bbox 930 2360 1005 2410; x_wconf 88' lang='lat' dir='ltr'><strong>qui</strong></span> <span class='ocrx_word' id='word_1_214' title='bbox 1030 2356 1265 2396; x_wconf 84' lang='lat' dir='ltr'><strong>formidine</strong></span> <span class='ocrx_word' id='word_1_215' title='bbox 1291 2356 1413 2396; x_wconf 86' lang='lat' dir='ltr'><strong>nulla</strong></span> 
     </span>
     <span class='ocr_line' id='line_1_28' title="bbox 303 2430 1467 2485; baseline -0.003 -15"><span class='ocrx_word' id='word_1_216' title='bbox 303 2431 464 2471; x_wconf 85' lang='lat' dir='ltr'><strong>Imbuti</strong></span> <span class='ocrx_word' id='word_1_217' title='bbox 489 2442 711 2484; x_wconf 85' lang='lat' dir='ltr'><strong>spectant;</strong></span> <span class='ocrx_word' id='word_1_218' title='bbox 749 2432 858 2485; x_wconf 87' lang='lat' dir='ltr'><strong>quid</strong></span> <span class='ocrx_word' id='word_1_219' title='bbox 884 2444 1055 2478; x_wconf 85' lang='lat' dir='ltr'>censes,</span> <span class='ocrx_word' id='word_1_220' title='bbox 1091 2443 1271 2468; x_wconf 83' lang='lat' dir='ltr'><strong>munera</strong></span> <span class='ocrx_word' id='word_1_221' title='bbox 1300 2430 1467 2468; x_wconf 80' lang='lat' dir='ltr'><strong>terrae?</strong></span> 
     </span>
     <span class='ocr_line' id='line_1_29' title="bbox 306 2503 1472 2556; baseline -0.002 -13"><span class='ocrx_word' id='word_1_222' title='bbox 306 2504 427 2556; x_wconf 87' lang='lat' dir='ltr'><strong>Quid</strong></span> <span class='ocrx_word' id='word_1_223' title='bbox 451 2508 579 2544; x_wconf 83' lang='lat' dir='ltr'><strong>maris</strong></span> <span class='ocrx_word' id='word_1_224' title='bbox 608 2511 818 2545; x_wconf 81' lang='lat' dir='ltr'><strong>extremos</strong></span> <span class='ocrx_word' id='word_1_225' title='bbox 844 2503 1008 2544; x_wconf 82' lang='lat' dir='ltr'><strong>Arabas</strong></span> <span class='ocrx_word' id='word_1_226' title='bbox 1038 2504 1212 2542; x_wconf 82' lang='lat' dir='ltr'><strong>ditantis</strong></span> <span class='ocrx_word' id='word_1_227' title='bbox 1242 2514 1284 2542; x_wconf 88' lang='lat' dir='ltr'><strong>et</strong></span> <span class='ocrx_word' id='word_1_228' title='bbox 1308 2503 1472 2541; x_wconf 82' lang='lat' dir='ltr'><strong>Indos?</strong></span> 
     </span>
     <span class='ocr_line' id='line_1_30' title="bbox 304 2574 1470 2631; baseline -0.003 -16"><span class='ocrx_word' id='word_1_229' title='bbox 304 2576 490 2618; x_wconf 73' lang='lat' dir='ltr'><strong>Ludicra</strong></span> <span class='ocrx_word' id='word_1_230' title='bbox 517 2577 648 2631; x_wconf 85' lang='lat' dir='ltr'><strong>quid,</strong></span> <span class='ocrx_word' id='word_1_231' title='bbox 685 2577 861 2630; x_wconf 76' lang='lat' dir='ltr'><strong>plausus</strong></span> <span class='ocrx_word' id='word_1_232' title='bbox 891 2587 935 2616; x_wconf 87' lang='lat' dir='ltr'><strong>et</strong></span> <span class='ocrx_word' id='word_1_233' title='bbox 961 2580 1087 2616; x_wconf 85' lang='lat' dir='ltr'><strong>amici</strong></span> <span class='ocrx_word' id='word_1_234' title='bbox 1115 2577 1234 2615; x_wconf 88' lang='lat' dir='ltr'><strong>dona</strong></span> <span class='ocrx_word' id='word_1_235' title='bbox 1262 2574 1470 2627; x_wconf 83' lang='lat' dir='ltr'><strong>Quiritis?</strong></span> 
     </span>
     <span class='ocr_line' id='line_1_31' title="bbox 172 2647 1566 2694; baseline -0.002 -7"><span class='ocrx_word' id='word_1_236' title='bbox 172 2649 293 2688; x_wconf 78' lang='lat' dir='ltr'><strong>Haec</strong></span> <span class='ocrx_word' id='word_1_237' title='bbox 320 2649 431 2690; x_wconf 82' lang='lat' dir='ltr'><strong>adeo</strong></span> <span class='ocrx_word' id='word_1_238' title='bbox 460 2665 556 2689; x_wconf 87' lang='lat' dir='ltr'><strong>cum</strong></span> <span class='ocrx_word' id='word_1_239' title='bbox 582 2651 667 2690; x_wconf 85' lang='lat' dir='ltr'><strong>illis</strong></span> <span class='ocrx_word' id='word_1_240' title='bbox 693 2649 978 2690; x_wconf 82' lang='lat' dir='ltr'><strong>Archilochiis</strong></span> <span class='ocrx_word' id='word_1_241' title='bbox 1008 2653 1308 2694; x_wconf 82' lang='lat' dir='ltr'><strong>consentiunt,</strong></span> <span class='ocrx_word' id='word_1_242' title='bbox 1351 2657 1399 2685; x_wconf 86' lang='lat' dir='ltr'><strong>ut</strong></span> <span class='ocrx_word' id='word_1_243' title='bbox 1425 2647 1566 2685; x_wconf 88' lang='lat' dir='ltr'><strong>Hora-</strong></span> 
     </span>
     <span class='ocr_line' id='line_1_32' title="bbox 169 2720 1563 2771; baseline -0.003 -10"><span class='ocrx_word' id='word_1_244' title='bbox 169 2726 278 2770; x_wconf 81' lang='lat' dir='ltr'><strong>tius,</strong></span> <span class='ocrx_word' id='word_1_245' title='bbox 308 2722 411 2760; x_wconf 91' lang='lat' dir='ltr'><strong>dum</strong></span> <span class='ocrx_word' id='word_1_246' title='bbox 433 2721 540 2762; x_wconf 81' lang='lat' dir='ltr'><strong>haec</strong></span> <span class='ocrx_word' id='word_1_247' title='bbox 557 2723 796 2771; x_wconf 79' lang='lat' dir='ltr'><strong>scribebat,</strong></span> <span class='ocrx_word' id='word_1_248' title='bbox 825 2737 877 2763; x_wconf 83' lang='lat' dir='ltr'><strong>ea</strong></span> <span class='ocrx_word' id='word_1_249' title='bbox 899 2727 945 2762; x_wconf 88' lang='lat' dir='ltr'><strong>in</strong></span> <span class='ocrx_word' id='word_1_250' title='bbox 964 2728 1110 2763; x_wconf 82' lang='lat' dir='ltr'><strong>animo</strong></span> <span class='ocrx_word' id='word_1_251' title='bbox 1134 2722 1333 2761; x_wconf 78' lang='lat' dir='ltr'><strong>habuisse</strong></span> <span class='ocrx_word' id='word_1_252' title='bbox 1357 2720 1563 2758; x_wconf 79' lang='lat' dir='ltr'><strong>videatur.</strong></span> 
     </span>
     <span class='ocr_line' id='line_1_33' title="bbox 171 2794 1562 2854; baseline -0.004 -15"><span class='ocrx_word' id='word_1_253' title='bbox 171 2798 316 2839; x_wconf 76' lang='lat' dir='ltr'><strong>Habes</strong></span> <span class='ocrx_word' id='word_1_254' title='bbox 345 2798 406 2838; x_wconf 87' lang='lat' dir='ltr'><strong>ibi</strong></span> <span class='ocrx_word' id='word_1_255' title='bbox 432 2795 524 2838; x_wconf 75' lang='grc' dir='ltr'><strong>τῶν</strong></span> <span class='ocrx_word' id='word_1_256' title='bbox 552 2797 670 2838; x_wconf 71' lang='grc' dir='ltr'><strong>θεῶν</strong></span> <span class='ocrx_word' id='word_1_257' title='bbox 708 2794 838 2854; x_wconf 76' lang='grc' dir='ltr'>ἔργα,</span> <span class='ocrx_word' id='word_1_258' title='bbox 884 2799 953 2838; x_wconf 85' lang='lat' dir='ltr'><strong>hic</strong></span> <span class='ocrx_word' id='word_1_259' title='bbox 980 2800 1117 2838; x_wconf 82' lang='lat' dir='ltr'><strong>solem</strong></span> <span class='ocrx_word' id='word_1_260' title='bbox 1143 2808 1185 2836; x_wconf 85' lang='lat' dir='ltr'><strong>et</strong></span> <span class='ocrx_word' id='word_1_261' title='bbox 1215 2796 1356 2835; x_wconf 83' lang='lat' dir='ltr'><strong>stellas</strong></span> <span class='ocrx_word' id='word_1_262' title='bbox 1378 2805 1460 2835; x_wconf 79' lang='lat' dir='ltr'><strong>etc.</strong></span> <span class='ocrx_word' id='word_1_263' title='bbox 1483 2805 1562 2836; x_wconf 83' lang='lat' dir='ltr'><strong>etc.</strong></span> 
     </span>
    </p>
   </div>
  </div>
 </body>
</html>
