1846 3308
664 289 897 341 -7105
965 306 1034 316 —

145 413 619 478 ’Aeonum-'ml
650 413 776 477 μήτε
809 412 961 463 νικῶν.
1001 410 1249 475 ἆμφᾶδην
1291 413 1541 482 ἆγάλλεο,

146 503 297 566 Μηδὲ
332 506 546 566 νικηθεὶς
574 504 621 555 ἓν
659 505 788 569 οἴκῳ
824 503 1136 552 καταπεσὼν
1174 502 1382 576 ὀδύρεο.

145 594 307 644 Ἀλλὰ
336 594 618 667 χαρτόῒσίν
650 610 707 643 τε
730 590 893 664 χαῖρε
925 591 1014 642 καὶ
1048 591 1281 643 κακοῖσιν
1312 593 1541 660 ἁσχὰλα

145 684 236 747 Μὴ
250 685 376 747 λίην·
395 686 650 752 γίγνωσκε
664 683 707 732 δ’
723 679 831 742 οἷος
853 681 1055 754 ῥυθμὸς
1078 682 1390 753 ἀνθρώπους
1412 685 1539 751 ἔχει.

592 848 747 887 Versio
770 846 912 887 Grotii
938 861 980 900 p.
1003 851 1089 899 104.

145 924 325 974 Anime
366 935 562 983 noster,
619 923 784 970 anime
828 922 929 969 iam
967 940 1106 970 nunc
1147 936 1379 972 aestuans
1421 942 1538 974 cura

975 1013 1137 1077 gravi,

143 1106 305 1155 Fortis
342 1105 563 1162 obdura,
626 1115 777 1166 atque
814 1103 871 1150 in
905 1103 1074 1150 hostes
1120 1104 1329 1152 obvium
1362 1118 1537 1168 pectus

972 1192 1138 1242 ferens

140 1286 471 1334 Imminentes
506 1284 639 1331 inter
672 1285 837 1333 hastas
872 1301 1007 1347 pone
1043 1301 1271 1332 securum
1305 1287 1513 1349 pedem3

140 1379 248 1422 Nec
278 1375 391 1421 data
427 1375 645 1421 nimium
676 1373 857 1431 feroci,
907 1374 949 1420 si
983 1374 1153 1430 datur,
1197 1374 1435 1432 victoria;

140 1468 272 1522 Nee,
320 1481 460 1512 secus
492 1466 535 1511 si
559 1465 679 1528 quid
710 1465 959 1523 ceciderit,
1004 1476 1188 1511 stratus
1222 1465 1279 1511 in
1324 1466 1535 1526 luctum,

971 1553 1090 1611 iace,

145 1628 274 1692 cum
294 1646 450 1694 modo
477 1647 660 1693 laetare
695 1644 846 1703 felix,
890 1661 1004 1692 cum
1022 1643 1178 1691 modo
1200 1642 1382 1691 infelix
1403 1646 1536 1705 dole,

144 1735 268 1800 Qui,
324 1736 525 1795 videns,
585 1735 861 1800 quantique
903 1751 1044 1782 casus
1085 1750 1161 1781 res
1208 1747 1359 1798 agant
1398 1753 1536 1784 mor-

971 1824 1167 1872 talium.

144 1988 267 2027 (Grot.
288 1999 320 2027 p.
342 1994 417 2025 104,
451 1993 514 2023 105.
537 1995 571 2018 et
590 1988 629 2017 in
653 1997 726 2018 not.
750 1999 782 2027 p.
803 1988 868 2023 526.
890 1987 1038 2018 Bnmck
1057 1988 1160 2016 Anal.
1183 1989 1219 2016 Τ.
1242 1991 1270 2018 Ῑ.
1290 1998 1324 2026 p.
1347 1992 1395 2025 42.
1418 1988 1461 2019 fr.
1485 1996 1531 2028 ¹4·

284 2039 405 2067 lacobs
425 2039 465 2067 V.
484 2039 511 2068 1.
538 2040 574 2067 1².
596 2039 622 2067 1.
646 2049 680 2076 p.
700 2042 763 2072 158.
789 2045 823 2067 et
842 2038 919 2067 voL
940 2038 1002 2066 111.
1020 2038 1055 2065 P.
1075 2038 1136 2064 111.
1158 2047 1192 2073 p.
1211 2042 1277 2071 338.
1300 2038 1395 2076 seq.)

243 2101 456 2141 Stobaeus
481 2116 681 2141 sermone
707 2096 805 2140 XX.
833 2097 929 2155 περὶ
968 2096 1097 2153 ὀργῆς
1130 2114 1174 2152 p.
1199 2113 1284 2147 170.
1325 2102 1536 2142 —Primum

142 2187 309 2214 versum
341 2178 470 2214 etiam
499 2174 632 2214 habet
661 2174 842 2229 Dionys.
871 2174 1090 2214 Halicarn.
1117 2173 1168 2211 T.
1193 2173 1247 2212 11.
1273 2187 1316 2222 p.
1345 2174 1405 2213 16.
1441 2179 1535 2215 sine

141 2259 322 2286 nomme
342 2251 542 2288 auctoris.

243 2323 297 2362 V.
316 2338 351 2363 1.
399 2321 552 2379 Θυμὲ
598 2344 655 2354 -
705 2319 1062 2377 ἀμηχάνοισι
1116 2317 1326 2374 κήδεσι.
1390 2323 1535 2365 Schol.

144 2399 255 2439 11.9.
281 2416 320 2442 v.
339 2412 423 2451 130.
451 2398 668 2457 ἀμήχανα
697 2397 805 2457 ἔργα
832 2422 889 2432 -
915 2395 1021 2457 πρὸς
1050 2394 1083 2439 n‘?
1111 2390 1193 2439 οὒκ
1222 2394 1276 2439 ἄν
1306 2413 1371 2448 τις
1401 2398 1536 2455 σχοίη

146 2476 353 2531 μηχανὴν
381 2476 544 2535 εὑρεῖν,
583 2471 633 2528 ἐξ
662 2468 718 2521 οὗ
748 2476 865 2521 δεινὰ
894 2475 969 2519 καὶ
997 2472 1199 2534 χαλεπά.
1262 2482 1332 2520 Sic
1361 2491 1403 2520 et
1421 2480 1538 2519 The·

145 2559 266 2608 ognis
289 2561 478 2599 animum
498 2560 735 2614 alloquitur
759 2574 798 2599 v.
815 2572 904 2612 997.
931 2554 1120 2613 Τόλμα,
1154 2554 1290 2613 θυμὲ,
1320 2553 1537 2600 κακοῖσιν,

147 2625 266 2685 ὅμως
293 2626 473 2687 ἄτλητα
499 2633 743 2686 πεπονθὼς.

248 2709 366 2750 Κυκ
380 2707 412 2750 ὦ
427 2726 569 2766 μενε.
606 2713 749 2769 κυκᾷν
774 2719 954 2768 proprie
976 2715 1182 2770 agitando
1196 2708 1397 2754 hiscere.
1422 2712 1471 2752 11.
1492 2705 1537 2749 λ.

114 2780 121 2783 “
146 2783 234 2834 638.
265 2784 321 2825 de
351 2795 486 2837 potu,
523 2791 598 2840 qui
625 2788 677 2829 ab
700 2789 951 2829 Hecamede
972 2790 1146 2829 Nestori
1170 2797 1349 2840 paratur
1376 2796 1421 2826 et
1441 2784 1544 2825 hinc
