1846 3308
610 307 678 315 --
750 284 865 336 237.
918 305 986 313 --

102 418 264 465 τοῦτον
287 417 500 473 ἐφόνευσε
521 412 595 457 καὶ
620 410 761 465 ἔλαβε
783 409 863 465 τὴν
882 406 1118 461 βασιλείαν
1148 405 1222 449 καὶ
1248 406 1329 463 τὴν
1357 409 1494 463 θυγα-

102 497 211 555 τέρα
249 490 412 543 ‹ub-rofi,
457 493 609 543 καθὼς
643 489 667 534 ὅ
705 485 977 546 ’Δρχίλοχος
1014 483 1036 527 ὃ
1068 483 1334 538 σοφώτατος
1377 498 1495 528 συνε-

103 575 335 634 γράψατο.
385 575 568 617 Malalas
594 568 639 612 ἐν
661 565 859 624 Χρονικῷ
890 569 938 608 L.
955 567 1029 606 IV.
1066 566 1121 606 ab
1140 570 1282 606 initio.

682 797 922 844 CXXXII.

219 897 456 960 Νηοπὸλον
511 893 694 953 νύχιον,
750 892 973 946 τουτὲςιν,
1029 888 1206 946 ἀφανῆ,
1263 889 1498 948 λαθραῖον.

108 979 383 1038 ’Δρχίλοχος
411 975 456 1019 δὲ
487 970 654 1031 γράφει
686 970 866 1030 μύχιον.
906 966 1021 1014 οἷον·
1068 969 1152 1011 ’Ev
1188 969 1266 1025 τῷ
1302 970 1501 1027 μυχίςυ

111 1057 296 1112 ἀδύτῳ
333 1053 734 1113 προφαίνοντα
772 1049 840 1105 τῇ
866 1045 1085 1105 Κύπρῳ.

211 1135 356 1174 Tzetz.
387 1133 442 1173 ad
469 1130 700 1184 Theogon.
729 1125 909 1166 Hesiod.
938 1140 976 1164 v.
999 1138 1086 1178 991.
1114 1126 1191 1166 ubi
1219 1136 1363 1166 tamen
1388 1125 1503 1166 male

112 1209 157 1252 ἐν
174 1208 243 1263 τῷ
261 1205 399 1264 μύχῳ
428 1201 574 1259 ἀδύτῳ
600 1219 694 1259 pro,
710 1199 864 1257 μυχίῳ
890 1203 1071 1256 legitur,
1108 1203 1229 1255 quod
1256 1203 1374 1242 idem
1407 1217 1504 1242 cum

115 1285 258 1343 νυχίῳ
287 1301 380 1328 esse
402 1285 651 1327 scholiastes
674 1296 768 1323 non
788 1291 906 1320 recte
928 1279 1096 1319 adserit.
1149 1272 1330 1332 Μύχιος
1349 1272 1506 1329 &anseg

113 1377 218 1404 vero
240 1371 303 1401 est
319 1361 498 1400 interius
518 1356 587 1397 vel
612 1364 825 1396 secretum
845 1353 1068 1406 penetrale
1091 1353 1161 1392 vel
1188 1354 1394 1393 sacellum
1422 1355 1510 1394 Dei

117 1446 192 1476 aut
208 1435 358 1481 Deae,
385 1432 572 1471 fortassis
594 1427 665 1467 hic
688 1428 870 1466 Veneris
881 1453 896 1473 ,
925 1428 1027 1478 quia
1049 1425 1103 1465 de
1127 1426 1271 1480 Cypro
1290 1437 1421 1479 poeta
1441 1428 1508 1467 10-

116 1511 264 1562 quitur
271 1535 287 1556 ,
329 1509 440 1545 sicut
480 1501 687 1542 sacellum
727 1498 942 1552 Apollinis
987 1497 1195 1550 Delphis,
1248 1499 1326 1538 ubi
1365 1504 1507 1552 -trIpus

116 1583 296 1640 Pythiae
332 1591 396 1621 est
430 1590 473 1620 et
506 1580 710 1619 vaticinia
746 1576 957 1623 eduntur,
993 1569 1250 1626 πολυςεφὴς
1279 1571 1427 1629 μυχὸς
1453 1577 1508 1616 ab

116 1655 332 1710 Aeschylo
355 1654 512 1693 dIcitur
528 1652 710 1691 Eumen.
732 1664 771 1688 v.
794 1655 857 1696 58.
914 1648 1072 1687 Verum
1099 1648 1155 1687 ad
1181 1662 1355 1688 sensum
1377 1653 1510 1689 totius

118 1730 350 1783 fragmenti
372 1725 495 1780 quod
510 1727 687 1771 attinet,
714 1721 890 1761 difficile
911 1731 975 1761 est
995 1725 1097 1760 certi
1118 1721 1285 1775 aliquid
1304 1731 1508 1770 statuere,

122 1812 197 1842 aut
216 1801 432 1847 divinare,
462 1812 558 1837 cum
580 1806 623 1836 et
639 1809 773 1835 nexus
791 1808 888 1834 cum
910 1797 1061 1833 ceteris
1083 1804 1126 1833 et
1142 1794 1320 1834 verbum
1341 1793 1511 1833 fim‘tum

122 1880 248 1925 desit,
279 1877 396 1917 unde
416 1875 582 1929 aliquid.
610 1876 831 1920 coniicias,
862 1882 905 1911 et
929 1867 1178 1925 προφαίνω,
1206 1867 1512 1924 προφαίνομαι

121 1955 263 1992 varios
299 1948 559 2004 significatus
591 1946 772 1994 habeat,
818 1944 1090 1995 dubiumque
1122 1948 1199 1992 sit,
1234 1947 1322 1996 ,qui
1361 1957 1513 1984 eorum

122 2035 241 2064 recte
261 2022 346 2062 huc
368 2023 588 2062 reseratur.
