1846 3308
702 298 1038 353 —67—

836 431 893 478 V.

271 518 364 561 Τὸν
394 517 589 576 κρίθινον
617 510 733 560 οἶνον
763 513 838 557 καὶ
855 510 1024 574 βρύτον
1045 514 1156 567 τινὲς
1174 511 1403 566 καλοῦσιν,
1434 515 1489 569 ὡς
1510 541 1565 551 -

171 595 245 641 καὶ
274 594 572 654 Ἀρχίλοχος·

269 672 445 746 Οὖπερ
481 673 610 744 πρὸς
647 670 808 723 αὐλὸν
844 671 1043 746 βρῦτον
1080 674 1110 734 ἢ
1142 668 1304 744 Θρήἴξ
1337 671 1462 744 ἀνὴρ

261 767 330 814 Ἢ
366 759 512 835 Φρὺξ
548 762 764 834 ἔβρυζε,
812 764 960 826 κύβδ’
995 764 1077 826 ἔην
1114 764 1429 829 πωλευμένη.

272 924 440 972 Thrax
462 922 721 971 cervisiam
740 919 830 969 ubi
853 920 1081 983 Phryxve
1101 923 1239 988 large
1260 924 1324 971 ad
1344 923 1523 972 tibiam

269 1013 507 1073 Putabat,
545 1014 723 1075 *aderat
759 1030 838 1072 ea,
884 1013 1125 1061 reclinem
1158 1031 1211 1062 se
1246 1007 1502 1081 exihibens.

226 1169 398 1209 (Brunck
420 1168 579 1198 Analect.
602 1167 721 1205 fragm.
743 1170 791 1203 44.
821 1175 865 1195 ex
883 1166 1045 1210 Lection.
1074 1179 1107 1207 p.
1131 1169 1196 1204 236.
1236 1170 1357 1200 Iacobs
1378 1171 1456 1200 Vol,
1478 1171 1506 1200 1,

742 1216 779 1244 P.
800 1215 828 1244 1.
858 1224 892 1253 p.
918 1217 999 1255 177.)

268 1275 520 1316 Athenaeus
552 1276 600 1315 L.
625 1275 681 1315 X.
713 1289 757 1327 p.
778 1279 868 1327 447.
929 1277 1021 1317 Hos
1047 1291 1193 1317 versus
1223 1280 1284 1317 ita
1321 1278 1569 1318 emendavit

168 1350 368 1403 Teupius
407 1353 455 1389 in
490 1348 718 1388 Emendat.
760 1349 816 1387 ad
851 1348 969 1388 Suid.
1006 1363 1051 1402 p.
1082 1358 1169 1397 230.
1251 1350 1304 1390 In
1337 1351 1568 1391 Athenaeo

171 1433 290 1470 enim
328 1428 451 1468 locus
479 1425 549 1465 hic
585 1425 822 1465 admodum
861 1437 1086 1478 corruptus
1122 1430 1184 1467 sic
1219 1437 1374 1467 exstat:
1424 1421 1568 1484 ὥσπερ

170 1496 303 1557 αὐλῷ
328 1498 497 1559 βρὺἓτον
538 1496 567 1555 ἢ
596 1493 724 1556 Θρᾷξ
761 1496 868 1558 ἀνὴρ
908 1495 937 1555 ἧ
966 1493 1091 1557 Φρὺξ
1130 1498 1315 1558 ἔβρυζε·
1359 1500 1488 1552 κύβδ’
1516 1494 1569 1558 ἧν

169 1579 428 1637 πονευμένη.
498 1584 700 1622 Tentavit
736 1579 854 1621 hunc
886 1581 1034 1621 locum
1069 1585 1155 1620 iarn
1194 1579 1477 1623 Casaubonus
1513 1585 1571 1624 ad

170 1657 445 1697 Athenaeum
464 1657 756 1696 Commentar.
785 1668 829 1707 p.
848 1655 940 1706 468.
969 1665 1012 1694 et
1038 1656 1099 1695 sic
1130 1656 1287 1710 corrigi
1309 1670 1437 1708 posse
1468 1671 1570 1697 cen·

171 1737 286 1782 suit,
323 1745 373 1774 ut
402 1744 622 1787 postrema
639 1732 771 1772 verba
793 1732 1065 1787 legerentur:
1105 1726 1271 1786 ἕβλυζε
1311 1725 1504 1781 κυβὰβδ’
1545 1728 1568 1785 5,

172 1805 430 1864 πονευμένη.
468 1813 648 1851 Sensum
676 1825 779 1851 vero
819 1824 912 1851 esse
945 1811 1060 1859 vult,
1099 1821 1320 1865 aegrotam
1350 1812 1572 1864 quandam

170 1884 380 1924 feminam
399 1887 460 1923 sic
479 1887 681 1926 reiecisse
706 1887 962 1937 sanguinem
971 1912 985 1932 ,
1022 1894 1071 1923 ut
1090 1882 1233 1923 Thrax
1252 1884 1319 1922 vel
1337 1882 1475 1937 Phryx
1496 1884 1572 1922 ali-

173 1964 269 2014 quis
290 1962 516 2001 salientem
538 1961 651 2016 bryti
672 1975 722 2000 ex
742 1975 818 2001 ore
836 1964 1036 2007 remittit3
1072 1966 1132 2003 ita
1152 1971 1200 2001 ut
1223 1955 1410 2014 βλύζειν
1442 1944 1576 2011 αὐλῷ

170 2029 340 2091 βρῦτον
358 2042 534 2090 poetice
557 2038 726 2078 dicatur
742 2048 823 2090 pro
846 2032 986 2077 αὐλὸν
1005 2032 1204 2092 Beth-om
1238 2024 1378 2075 αὐλὸν
1402 2049 1505 2076 vero
1525 2045 1574 2074 ut

173 2109 359 2168 κρουνὸν
388 2115 506 2167 apud
526 2114 765 2154 Homerum
786 2111 1025 2169 intelligas;
1052 2128 1134 2167 pro
1163 2103 1310 2163 κύβδα
1332 2123 1481 2152 autem
1500 2123 1575 2150 κυ·

171 2188 327 2243 βάβδα
355 2208 406 2233 ex
426 2191 643 2247 Hesychio
664 2192 859 2246 legatur,
897 2196 973 2245 qui
994 2187 1107 2232 hanc
1126 2207 1279 2233 vocem
1297 2184 1575 2232 Amathusio-

117 2308 119 2310 ,
172 2285 268 2311 rum
290 2271 478 2311 dialecto
505 2267 557 2309 τὸ
590 2263 702 2323 αἷμα
729 2269 971 2324 significare
989 2274 1060 2310 ait.
1102 2268 1189 2311 Sed
1207 2280 1434 2323 praeterea
1454 2267 1577 2320 quod

174 2342 283 2383 haec
304 2347 397 2395 ipsa
416 2358 498 2385 vox
517 2347 562 2383 in
583 2342 802 2398 Hesychio
828 2354 1027 2397 corrupta
1050 2354 1126 2392 est,
1147 2354 1196 2383 ut
1212 2340 1410 2396 Toupius
1431 2351 1578 2381 osten-

177 2415 262 2464 dit,
296 2419 424 2456 etiam
447 2432 596 2457 sensus
617 2417 754 2457 facilis
774 2428 818 2457 et
843 2421 943 2457 satis
971 2421 1211 2458 concinnus
1237 2431 1322 2456 nec
1342 2411 1449 2454 inde
1474 2425 1578 2452 ena-

175 2491 331 2538 scitur,
367 2503 515 2544 neque
545 2494 673 2530 metri
700 2494 811 2531 ratio
840 2490 988 2531 habita
1021 2501 1097 2530 est.
1166 2491 1304 2531 Addit
1331 2488 1395 2528 Cl.
1425 2484 1578 2525 Iacobs

174 2560 271 2600 Vol.
290 2561 325 2603 I.
345 2562 391 2601 P.
415 2563 448 2601 Ι.
473 2577 517 2615 p.
544 2575 652 2616 177.,
680 2563 946 2617 scaligerum
967 2564 1075 2602 haec
1097 2564 1396 2616 adscripsisse:
1434 2556 1579 2615 ὥσπερ

177 2634 264 2692 γὰρ
288 2631 417 2690 αὐλῷ
435 2635 603 2694 βρῦτον
629 2635 657 2694 ἧ
679 2630 817 2694 Θρήῒξ
842 2634 1028 2693 ἂνὴρ“Η
1051 2632 1176 2694 Φρὺξ
1199 2635 1398 2694 ἔβρυζεν,
1432 2634 1580 2687 κύβδα

181 2709 222 2768 γ’
254 2702 307 2766 ἧν
337 2713 594 2771 πονευμένη.
620 2723 651 2758 i.
675 2733 713 2760 e.
745 2720 1108 2773 conquiniscebat
1140 2733 1193 2759 eo
1223 2718 1357 2757 modo
1382 2728 1579 2771 satagens

178 2788 361 2838 mulier,
401 2802 490 2841 quo
517 2789 703 2848 siphlone
736 2795 957 2833 cervisiam
985 2791 1128 2831 haurit
1157 2788 1300 2830 Thrax
1330 2791 1398 2830 vel
1427 2789 1580 2845 Phryx,

978 2864 1014 2903 E
1049 2878 1073 2903 2
