1846 3308
643 306 1014 357 —243-

129 443 206 494 qui
236 437 422 479 eandem
451 449 601 477 vocem
630 437 813 487 eiusque
839 445 966 471 usum
993 428 1095 470 huic
1122 438 1284 483 poetae
1309 429 1518 476 tribuum.

128 513 239 564 (vid.
268 512 419 565 fragm.
442 511 551 561 158.)
585 505 955 562 significationem
975 516 1079 542 vero
1098 501 1225 542 huius
1240 509 1358 545 vocis
1381 507 1519 562 Hesy.

131 588 251 630 chius
273 584 458 640 explicet
471 601 552 640 per
569 581 793 636 παχεῖαν;
818 591 1054 633 utrumque
1076 588 1221 619 autem
1237 584 1352 624 inter
1369 584 1520 626 titulo,

128 667 395 705 meretricios
423 664 575 705 Suidas
601 673 646 703 et
669 659 915 701 Eustathius
945 668 1190 716 reponunt.
1226 670 1277 699 ut
1304 655 1518 714 μυσὰχνη

131 753 176 785 et
202 737 351 794 δήμιος
374 739 525 791 fragm.
551 739 666 776 citat.
728 735 872 784 „Hoc
894 742 1022 785 pacto
1050 736 1202 786 igitur,
1237 735 1519 777 Hemsterhu-

130 822 216 859 sius
238 821 401 872 inquit,
430 810 604 867 ἐργάτις
626 813 757 852 fuerit
764 838 780 859 ,
810 822 924 864 quae
944 822 1129 860 corpore
1152 821 1378 862 quaestum
1399 813 1516 862 facit,

129 891 184 936 τὸ
214 890 297 947 ἀφ’
323 887 434 949 ὥρας
466 886 758 945 ἐργαζόμενον
788 877 981 939 γύναιον.
1017 905 1074 914 -
1109 886 1197 927 Sed
1226 889 1294 926 vix
1324 887 1520 928 credide·

130 974 236 1017 rim,
278 966 515 1008 Neobulen
542 966 626 1005 alia
655 974 803 1003 mente
829 963 900 1002 vel
927 960 1123 1017 παχεῖαν
1150 964 1220 1004 vel
1249 958 1425 1018 ἐργάτιν
1452 967 1521 1007 vel

130 1052 365 1094 utrumque
393 1038 519 1079 simul
555 1039 686 1077 fuisse
711 1039 1005 1085 nominatam,
1055 1051 1186 1090 quam
1215 1041 1317 1090 quia
1346 1038 1523 1080 obesior

134 1125 179 1155 et
219 1123 443 1166 compacta
481 1114 674 1163 corporis
703 1109 842 1149 moles
879 1123 974 1148 eam
1003 1110 1277 1150 deformaret.
1292 1114 1325 1135 ‘⁴'
1392 1113 1521 1153 Adde

130 1202 226 1229 non
254 1201 347 1228 esse
377 1184 632 1231 verisimile,
661 1179 927 1236 Hesychium
955 1182 1143 1222 voluisse
1166 1183 1522 1237 significationem

132 1261 335 1303 vocabuli
352 1273 506 1313 parum
523 1267 674 1298 notam
692 1269 773 1308 per
800 1255 927 1295 aliam
953 1268 1047 1296 non
1066 1258 1200 1310 magis
1227 1267 1376 1296 notam
1405 1262 1521 1299 vocis

132 1336 309 1393 παχεῖα
326 1340 554 1379 illustrare.
605 1336 742 1375 Immo
761 1333 837 1373 illa
855 1337 999 1383 prior,
1036 1348 1122 1387 qua
1142 1328 1314 1386 ἐργάτις
1331 1346 1522 1375 scortum

116 1414 203 1454 'vel
217 1416 486 1453 meretricem
502 1407 728 1463 significat,
744 1411 843 1447 satis
862 1406 987 1447 obvia
1009 1418 1072 1447 est
1092 1417 1135 1447 et
1156 1407 1361 1459 exemplis
1378 1419 1523 1448 aucto-

134 1506 231 1532 rum
251 1488 540 1530 confirmatur.
555 1479 852 1539 Ἐργάζεσθαι
872 1484 927 1523 de
950 1493 1132 1536 quaestu
1150 1482 1374 1523 inhonesto
1390 1498 1522 1537 saepe

136 1565 224 1604 dici
243 1563 372 1602 docet
388 1560 646 1600 Valckenar.
668 1559 725 1597 ad
744 1557 957 1598 Herodot.
977 1557 1011 1597 L
1033 1570 1075 1608 p.
1093 1561 1159 1607 48,
1186 1561 1250 1607 43.
1301 1557 1424 1596 Idem
1443 1558 1524 1597 ob-

134 1645 274 1677 servat
303 1633 456 1674 Iacobs
474 1632 699 1672 Animadv.
725 1631 831 1671 vol.
850 1630 903 1669 Π.
932 1630 978 1669 Ρ.
996 1630 1050 1671 Π.
1078 1643 1123 1682 p.
1144 1630 1229 1681 169.
1259 1629 1315 1668 de
1344 1629 1522 1670 vocibus

136 1706 290 1767 ἔργον,
320 1705 587 1764 ἐργάζεσθαι
608 1721 651 1750 et
670 1703 875 1761 ἐργασία,
901 1711 1015 1748 vitae
1034 1710 1303 1746 meretriciae
1319 1712 1522 1761 propriis,

138 1796 183 1826 et
222 1784 324 1825 Vol.
351 1784 405 1823 11.
446 1783 493 1822 Ρ.
520 1783 575 1822 Π.
614 1797 656 1835 p.
685 1795 750 1834 97.
819 1779 1068 1821 Athenaeus
1102 1781 1152 1819 L.
1180 1779 1254 1819 ΙΠ.
1291 1794 1334 1832 p.
1365 1786 1453 1833 572.
1479 1782 1522 1820 F.

136 1858 231 1915 Τὴν
256 1857 300 1901 ἐν
325 1854 471 1915 Σάμῳ
492 1855 758 1912 ’Δφροδίτην
785 1879 842 1886 -
868 1853 1038 1911 ἑταῖραι
1067 1848 1297 1909 ἱδρύσαντο
1327 1854 1373 1895 αἱ
1399 1867 1527 1896 συνα-

139 1933 476 1990 κολουθήσασαι
513 1932 747 1990 Περικλεῖ,
810 1930 887 1976 ὅτε
933 1929 1180 1988 ἐπολιόρκει
1228 1930 1309 1987 τὴν
1351 1930 1527 1989 Σάμον,

138 2013 434 2070 ἐργασάμεναι
463 2011 623 2060 ἱκανῶς
646 2010 733 2054 ἀπὸ
754 2011 830 2067 τῆς
849 2007 975 2067 αἴρας.
1026 2012 1261 2054 Macedon.
1282 2016 1418 2068 epigr.
1431 2014 1527 2055 VII.

138 2090 319 2133 Anthol.
336 2090 389 2130 T.
409 2089 484 2130 111.
502 2102 547 2142 p.
566 2095 651 2136 115.
669 2101 710 2129 v.
728 2094 770 2136 8.
1329 2130 1333 2132 μ

1018 2158 1099 2204 εἶσὶ
1127 2156 1214 2217 γὰρ
1244 2155 1387 2203 ἄλλαι

370 2239 608 2300 Κρέσσονες
638 2233 881 2296 εὐλέκτρου
910 2236 1129 2297 Κύπριδος
1158 2235 1391 2297 ἐργάτιδες.

139 2321 230 2364 sed
278 2320 351 2361 hic
405 2321 495 2360 loci
539 2317 855 2359 Hemsterhusii
908 2320 1124 2358 sententia
1179 2316 1382 2356 standum
1437 2329 1531 2362 esse

144 2407 320 2434 censeo.

218 2488 263 2530 N
275 2505 295 2531 ε
307 2502 329 2531 ο
340 2487 375 2540 β
386 2501 410 2532 ο
421 2486 446 2530 ὗ
458 2486 488 2530 λ
499 2504 543 2531 ει
558 2503 585 2529 α
597 2502 633 2530 υ.
667 2491 738 2531 De
757 2504 844 2544 qua
860 2489 960 2530 vide
981 2501 1256 2532 commentar.
1275 2490 1313 2539 §.
1333 2493 1370 2533 5.
1389 2496 1476 2527 not.
1490 2500 1531 2541 g.

142 2596 177 2620 „
189 2569 316 2621 Quae
333 2563 571 2621 Νεοβοὺλη
590 2572 637 2608 in
654 2564 902 2608 Archilochi
916 2579 1066 2615 versu,
1102 2563 1319 2619 Hesychio
1338 2559 1534 2613 Νεοβού-

145 2639 264 2689 aaa,
283 2648 592 2687 terminatione
611 2646 779 2686 solenni
794 2643 929 2684 modo
946 2645 1119 2683 variata.
1153 2643 1224 2681 Sic
1242 2636 1414 2681 δίκελον
1426 2637 1536 2693 Ἰφι-

141 2718 272 2775 γένης
293 2719 549 2762 Parthenius
571 2722 690 2774 apud
708 2720 894 2776 Etymol.
922 2733 967 2773 p.
985 2719 1073 2759 260.
1096 2729 1139 2758 et
1158 2732 1271 2772 quae
1291 2714 1538 2774 τριφάλεια

147 2798 364 2856 Hesychio
387 2809 539 2840 nostro
567 2802 618 2842 in
636 2792 822 2851 ,φάλομ
860 2796 1014 2837 eadem
1042 2796 1146 2837 alibi
1164 2796 1353 2837 deterius
1381 2799 1538 2849 scripte

945 2870 1033 2921 Qz
