1846 3308
809 264 877 273 —··
951 254 1044 285 122
1114 264 1182 275 -··

345 370 515 409 (Bi-unck
536 369 637 398 Anal.
658 371 695 400 Τ.
718 371 744 399 1.
766 380 800 408 p.
819 369 866 408 46.
887 369 1004 410 fragm.
1026 375 1074 409 24.
1095 373 1215 403 Iacobs
1236 374 1312 404 Vol.
1335 375 1361 405 1.
1382 376 1418 404 Ρ.
1439 375 1466 405 1.
1486 374 1526 415 pl
1546 376 1635 414 172.)

401 430 526 469 Extat
551 429 636 470 hoc
662 432 950 485 fragmentum
973 432 1089 484 apud
1105 427 1313 472 Athenae.
1336 435 1382 473 L.
1401 434 1517 474 XIV.
1537 450 1580 488 p.
1597 437 1686 482 623.

298 503 348 542 A.
394 502 471 542 sed
515 503 687 543 turbato
731 504 884 544 ordine
927 514 971 543 et
1013 505 1180 544 mendis
1223 509 1522 559 inquinatum,
1568 508 1690 561 quod

297 575 518 615 Bentleius
547 576 603 615 ad
629 575 795 616 Phalar.
832 590 876 629 p.
899 578 982 622 165.
1022 578 1299 618 emendatum
1337 579 1392 618 ad.
1418 589 1687 620 tetrametros

298 651 538 697 revocavit,
582 659 631 688 ut
658 659 701 688 et
733 650 957 690 Hermann
984 650 1039 688 de
1065 651 1215 690 Meti-is
1242 666 1285 704 p.
1310 660 1402 700 118,
1454 655 1539 692 nisi
1567 653 1688 704 quod

299 726 369 765 hic
395 719 439 772 ὃς
465 741 545 779 pro
577 717 633 773 ὡς
660 737 703 766 et
731 720 954 764 Διωνύσου
972 725 1208 780 legendum
1227 740 1318 766 esse
1339 739 1500 772 censet.
1541 728 1690 768 Verba

297 802 511 843 Athenaei
537 803 565 842 1.
590 817 623 842 c.
652 813 773 842 sunt:
813 797 1063 855 Φιλόχορος
1086 798 1131 842 δέ
1160 800 1319 855 φησιν,
1356 797 1411 852 ὡς
1439 802 1479 844 οἱ
1504 799 1688 849 παλαιοὶ

298 876 550 926 σπένδοντες
573 875 654 919 οὐκ
678 876 742 919 ἀεὶ
769 875 1133 933 διθυραμβοῦσιν,
1166 876 1304 927 ἀλλὰ,
1330 874 1438 922 ὅταν
1460 877 1685 930 σπένδωσι,

296 953 373 997 τὸν
405 953 483 1012 μὲν
516 954 727 998 Διόνυσον
761 954 803 997 ἐν
828 950 927 1009 οἴνῳ
957 954 1030 996 καὶ
1060 954 1200 1011 μέθη,
1238 954 1316 998 τὸν
1348 955 1392 998 δὲ
1416 954 1688 999 Ἀπόλλωνα

296 1035 398 1088 μεθ’
428 1029 616 1089 ἡσυχίας
651 1032 725 1075 καὶ
762 1027 930 1083 τάξεως
957 1031 1214 1089 μέλποντες.
1267 1032 1540 1093 Ἀρχίλοχος
1578 1034 1686 1092 γοῦν

299 1110 458 1166 φησίν·
497 1110 583 1161 “Ως
611 1106 851 1153 Διωνύσοιο
883 1126 923 1152 κ.
954 1127 993 1154 τ.
1027 1110 1070 1153 λ.

397 1182 679 1246 Ἑξάρξαι.
739 1192 988 1232 Athenaeus
1017 1183 1202 1245 ἐπάρξαι
1231 1193 1384 1242 habet,
1435 1195 1558 1246 quod
1583 1194 1688 1234 alie-

295 1285 402 1312 num
431 1282 494 1311 est
521 1286 544 1310 a
571 1284 700 1310 sensu
726 1269 852 1309 huius
878 1270 974 1310 loci.
1002 1295 1030 1314 ,,
1044 1261 1224 1323 ἐξάρξαι
1254 1265 1389 1323 μέλος
1415 1281 1558 1311 autem
1582 1285 1686 1324 pro-

294 1349 390 1398 prie
419 1343 668 1393 dicebatur,
714 1346 789 1396 qui
818 1342 950 1383 choro
977 1343 1188 1396 praeibat.
1237 1344 1487 1384 Aristoteles
1516 1354 1687 1398 tragoe-

296 1425 411 1464 diam
439 1425 651 1477 originem
680 1422 845 1460 duxisse
874 1424 932 1460 ait
962 1414 1046 1460 ἂπὸ
1077 1418 1166 1460 τῶν
1198 1412 1483 1474 ἐξαρχόντων
1520 1417 1597 1461 τὸν
1630 1417 1684 1460 δι·

293 1496 546 1556 θύραμβον.
573 1499 659 1539 vid.
687 1498 897 1554 Tyrwhitt
923 1498 979 1537 ad
1006 1500 1167 1538 Poetic.
1188 1500 1221 1538 Ι.
1244 1503 1354 1547 50.“
1379 1498 1545 1539 Iacobs.
1598 1498 1684 1538 Ite-

291 1589 388 1615 rum
435 1573 520 1613 hoc
570 1571 703 1613 verbo
756 1570 837 1610 hac
886 1571 1202 1626 significatione
1246 1575 1381 1611 utitur
1428 1572 1579 1626 fragm.
1617 1575 1683 1623 44.

293 1647 415 1701 quod
442 1647 495 1685 cf.

398 1717 923 1778 Συγκεραυνωθεὶς
961 1717 1180 1774 φρένας.
1239 1723 1291 1761 In
1326 1720 1553 1762 Athenaeo
1588 1724 1684 1762 viti·

292 1818 367 1846 ose
393 1804 552 1857 legitur
579 1794 936 1854 συγκερυνωθεὶς,
974 1805 1059 1841 iam
1085 1815 1109 1840 a
1137 1799 1397 1840 Casaubono
1427 1810 1682 1840 correctum.

291 1872 492 1917 Mentem'
512 1878 614 1915 vino
641 1888 866 1927 percussus
896 1877 1018 1927 quasi
1044 1874 1241 1921 fulmine,
1278 1882 1327 1911 ut
1341 1872 1503 1911 Tibull.
1529 1874 1576 1912 L.
1593 1872 1625 1911 I.
1643 1886 1681 1912 2.

291 1952 520 1989 Percussus
555 1958 745 2000 tempora
780 1946 965 1986 Baccho.
1028 1947 1166 1985 Plaut.
1205 1947 1343 1985 Casin.
1365 1945 1438 1984 ΙΙῙ.
1466 1951 1504 1990 5.
1540 1946 1597 1985 16.
1625 1946 1681 1983 Se

290 2027 457 2075 uspiam
492 2023 702 2074 percussit
736 2017 845 2059 flore
878 2019 1037 2058 Liberi.
1108 2019 1255 2057 Simile
1293 2027 1355 2057 est
1387 2017 1498 2056 illud
1534 2016 1680 2056 Ovidii

286 2094 468 2135 Remed.
505 2094 651 2132 Amor.
687 2093 769 2143 146.
816 2092 956 2132 Multo
1002 2102 1197 2144 tempora
1239 2104 1391 2143 quassa
1431 2103 1565 2129 mero.
1626 2089 1680 2128 Et

289 2169 441 2207 Horat.
490 2167 686 2205 Sermon.
722 2165 770 2204 L.
798 2163 851 2202 II.
884 2179 917 2204 1.
947 2169 1008 2215 24.
1054 2165 1112 2204 Ut
1154 2165 1287 2204 semel
1330 2167 1442 2202 icto
1475 2162 1679 2202 *Accessit

286 2243 432 2282 fervor
459 2241 600 2291 capiti.
662 2238 777 2275 Hinc
802 2237 1035 2276 Anacreon
1072 2237 1213 2276 ebrius
1242 2250 1267 2276 a
1291 2235 1487 2276 Leonida
1512 2235 1678 2275 Taren·

288 2322 380 2358 tino
411 2319 615 2370 epigram.
640 2322 702 2365 57.
730 2302 974 2366 μεθυπλὴξ
1001 2313 1170 2353 dicitur.

875 2512 1095 2555 XXXIX.

282 2602 447 2653 Ἑπτὰ
461 2599 566 2670 γὰρ
583 2598 772 2671 νεκρῶν
791 2600 1069 2657 πεσόντων,
1091 2596 1181 2656 οὖς
1200 2593 1512 2666 ἐμάρψαμεν
1532 2595 1674 2656 ποσὶ,

282 2695 448 2743 Χίλιοι
488 2688 670 2757 φονῆες
706 2687 869 2754 ἐσμέν.
909 2716 973 2726 --
1009 2717 1077 2728 --
