1846 3308
787 297 1159 347 —114—

277 423 656 482 varaufivovgmai
696 425 943 480 κεχηνότας
978 422 1212 467 πλάσσωσι
1241 446 1296 456 -
1326 423 1367 467 οἱ
1393 423 1473 479 τὴν
1502 417 1670 473 ἔξωθεν

278 501 465 560 ἡρωϊκὴν
498 501 571 545 καὶ
601 503 822 558 θεοπρεπῆ
846 501 1025 558 μορφὴν
1047 499 1224 557 ἔχοντες
1248 500 1366 552 ἐντός
1386 501 1465 543 εἰσι
1498 500 1575 556 γῆς
1599 516 1671 557 με·

281 580 344 634 gol
377 579 450 623 καὶ
484 580 619 624 λίθου
647 580 721 623 καὶ
751 576 999 637 μολύβδου.
1057 583 1153 622 Tali
1185 583 1354 623 colosso
1383 581 1565 622 similem
1593 580 1673 620 du-

283 670 374 697 cem
403 658 574 698 videtur
597 661 724 697 etiam
743 654 1024 696 Archilochus
1050 655 1258 695 indicare.

303 774 306 784 ,
379 734 432 772 V.
455 747 491 773 2.
526 732 658 773 habet
682 734 769 773 Dio
794 732 940 787 Chrys.
972 732 1093 772 deest
1124 736 1171 772 in
1204 733 1390 772 Galeno.
1443 724 1675 786 „Bos-ps)-

281 821 441 864 χοισι
478 806 704 863 γαῦρον,
735 824 864 862 quem
893 812 1017 848 etiam
1047 804 1520 864 διαβεβοςρυχωμὲνον
1546 824 1676 850 voca-

282 888 364 933 vit,
392 894 498 923 teste
517 883 696 923 Polluce
722 883 769 921 L.
790 882 842 921 11.
873 896 916 936 p.
937 895 999 935 27.
1032 883 1138 934 (vid.
1174 884 1324 938 fragm.
1356 885 1465 936 142.)
1518 884 1676 922 Mene-

282 958 399 997 laum
427 959 604 1007 (virtute
623 956 779 996 bellica
801 955 892 994 aliis
921 953 1124 995 heroibus
1144 956 1421 1008 inferiorern)
1447 956 1676 1008 Euripides

283 1037 400 1076 flavis
432 1035 640 1073 cincinnis
672 1032 994 1085 superbientem
1024 1033 1140 1073 facit.
1178 1034 1316 1073 Orest.
1346 1047 1385 1074 v.
1414 1039 1524 1081 1532.
1567 1025 1675 1071 ’Ίτω

285 1104 467 1159 ξανθοῖς
514 1106 580 1149 ἐπ’
634 1101 765 1163 ὤμων
818 1103 1058 1163 βοςρύχοις
1105 1104 1412 1165 γαυρούμενος.
1427 1114 1455 1146 ἱ·
1506 1110 1676 1167 Iacobs.
1695 1138 1710 1146 ,

284 1191 405 1231 Idem
423 1189 478 1229 de
496 1185 829 1239 Parthenopaeo
855 1190 901 1225 in
920 1185 1139 1226 Phoeniss.
1162 1193 1246 1239 147.
1274 1184 1338 1234 τίς
1354 1182 1388 1225 δ’
1407 1175 1536 1234 οὗτος
1554 1183 1676 1240 ἀμφὶ

285 1265 437 1321 μνῆμα
464 1261 543 1305 τοῦ
566 1258 713 1315 Ζήθου
742 1260 856 1315 περᾷ
880 1259 1257 1319 Καταβόςρυχος;
1284 1287 1340 1295 -
1365 1267 1530 1306 Hector
1547 1268 1678 1306 etiam

285 1345 332 1380 in
352 1339 475 1379 Iliad.
496 1350 539 1389 Ύ.
562 1342 624 1383 55.
655 1341 717 1388 54.
745 1337 945 1376 Paridem
974 1351 1092 1377 coma
1121 1339 1443 1392 superbientem
1465 1342 1676 1390 increpat.

384 1415 436 1453 V.
456 1421 494 1461 5.
531 1407 704 1451 Ἀλλά
733 1425 828 1467 μοι
857 1411 1060 1468 μικρός
1086 1426 1171 1464 τις
1201 1409 1293 1469 εἴη.
1325 1437 1382 1446 --
1432 1417 1520 1456 Dio
1544 1414 1679 1470 Chry-

286 1501 387 1532 sost.
417 1485 542 1529 ἄλλά
560 1503 635 1545 μοι
656 1486 719 1542 εἴη
750 1513 805 1520 --
841 1503 884 1532 et
908 1497 1069 1533 omissis
1089 1494 1266 1548 reliquis
1287 1496 1343 1534 ad
1367 1504 1566 1549 quartum
1585 1474 1678 1533 {er-

287 1585 382 1611 sum
408 1573 571 1610 transit,
626 1569 818 1609 Galenus
845 1571 895 1609 T.
917 1570 969 1609 V.
993 1584 1037 1623 p.
1055 1572 1143 1618 613.
1173 1567 1296 1610 ἀλλὰ
1322 1567 1472 1626 μικρός
1503 1583 1568 1618 τις
1597 1564 1677 1622 εἴη,

290 1658 334 1687 et
358 1662 401 1700 p.
424 1648 511 1695 360.
543 1640 648 1685 ἀλλ’
678 1639 724 1693 ὅς
753 1658 827 1701 μοι
855 1642 1008 1700 μικρὸς
1036 1648 1158 1699 (mal.
1179 1644 1378 1705 μακρὸς)
1402 1642 1479 1702 εἴη.
1532 1648 1678 1689 Schol.

287 1724 510 1765 Theocriti
537 1717 662 1763 ἀλλὰ
691 1735 765 1778 μοι
792 1727 934 1764 statim
965 1738 1061 1763 cum
1093 1735 1244 1776 quarto
1274 1740 1400 1766 versu
1440 1728 1678 1779 coniungit.

288 1798 420 1837 Unde
440 1799 567 1838 facile
588 1806 780 1849 apparet,
801 1797 1032 1838 verborum
1053 1798 1251 1838 ordinem
1272 1813 1296 1838 a
1315 1799 1429 1839 doct.
1441 1797 1593 1838 Iacobs
1611 1812 1681 1838 re-

291 1873 485 1910 stitutum
507 1874 689 1911 maxime
709 1870 986 1923 probandum
1007 1881 1050 1910 et
1065 1885 1214 1911 verum
1233 1885 1338 1911 esse.
1377 1871 1564 1911 Alteram
1583 1885 1682 1925 par-

293 1954 380 1983 tem
400 1943 526 1984 huius
543 1958 688 1985 versus
710 1943 902 1983 Galenus
920 1954 1109 1997 utroque
1135 1944 1237 1983 loco
1263 1943 1457 1992 exhibet,
1487 1953 1530 1983 et
1546 1942 1681 1984 schol.

293 2022 539 2070 Theocriti3
576 2024 654 2063 sed
692 2022 762 2063 hic
791 2022 965 2063 turbato
999 2023 1153 2062 ordine
1192 2032 1235 2062 et
1259 2016 1377 2060 κατὰ
1407 2017 1574 2076 κνήμην
1599 2034 1680 2074 pro

292 2094 388 2154 περὶ
409 2096 574 2153 κνήμας
602 2101 747 2142 habet.

395 2177 447 2215 V.
468 2182 506 2228 4.
534 2175 581 2215 Ῥ
597 2175 758 2226 οικός.
810 2181 880 2218 Sic
897 2179 1090 2219 Galenus
1117 2188 1306 2232 utroque
1326 2178 1426 2218 loco
1450 2179 1518 2229 (in
1536 2188 1683 2231 poste-

296 2254 401 2290 riori
431 2262 578 2294 tamen
612 2255 725 2295 male
759 2255 960 2295 scribitur
981 2246 1254 2311 ῥοικοὺς)ὀῑ
1288 2254 1422 2295 schol.
1446 2253 1682 2294 Theocriti.

296 2328 381 2367 Dio
401 2328 689 2383 Chrysostom.
717 2327 883 2386 ῥαιβός,
912 2346 1042 2385 quem
1059 2331 1233 2371 Brunck
1250 2332 1410 2385 aliique
1429 2325 1683 2383 sequuntur.

295 2405 353 2444 At
378 2398 520 2459 ῥοικὸς
548 2421 639 2446 esse
676 2411 909 2462 genuinam
944 2395 1179 2449 lectionem
1205 2420 1325 2464 patet
1361 2424 1410 2449 ex
1439 2409 1609 2448 Galeno
1642 2417 1685 2446 et

298 2477 550 2524 scholiaste,
581 2483 655 2532 qui
686 2479 765 2519 hac
791 2495 898 2521 voce
923 2480 1172 2522 Archilochi
1204 2493 1252 2521 ut
1278 2482 1475 2535 exemplo
1505 2491 1686 2520 utuntur

301 2554 356 2593 ad
385 2568 509 2593 usum
540 2564 582 2593 et
609 2555 966 2608 significationem
997 2559 1086 2596 eius
1112 2556 1388 2608 firmandam,
1427 2558 1503 2598 ubi
1529 2551 1683 2611 ῥαιβὸς

297 2627 421 2666 nullo
441 2626 575 2666 modo
602 2627 689 2682 legi
707 2639 861 2680 potest.
914 2628 1068 2668 Galen.
1102 2644 1143 2682 p.
1164 2632 1252 2678 613.
1279 2631 1388 2670 illud
1412 2633 1685 2685 Hippocratis

299 2702 536 2753 explicans:
564 2700 923 2757 καμπυλὼταται
943 2701 987 2744 δὲ
1004 2701 1190 2761 πλευραὶ
1210 2704 1445 2762 ἀνθρώπου
1464 2701 1688 2763 ῥοβοειδὲα

297 2775 459 2832 τρόπον
490 2799 543 2809 -
572 2802 627 2809 --
661 2793 761 2834 post
797 2784 879 2826 alia
916 2785 1130 2838 quaedam
1165 2789 1226 2826 sic
1262 2790 1424 2840 pergit:
1452 2782 1556 2825 τότε
1605 2779 1685 2839 pte-1
