1846 3308
778 287 845 296 —...
920 277 1015 316 140
1086 288 1152 296 ..-

268 400 481 453 Aristoph.
511 397 696 439 Acharn.
718 403 806 444 525.
835 394 891 437 Οἱ
919 395 1137 452 Μεγαρεῖς
1177 390 1343 448 ὀδύναις
1379 395 1664 454 πεφυσιγγω-

272 474 418 532 μένοι,
446 475 523 516 ubi
545 474 680 515 schol.
709 470 977 523 οἰδοῦντες.“

372 547 708 606 Πνεύμονας.
746 553 940 605 Euripid.
957 553 1052 594 Ion.
1076 549 1294 602 διανταῖος
1313 549 1470 595 ἔτυπεν
1501 549 1664 596 ὀδύνα

271 648 327 691 με
364 626 693 684 πνευμόνων
732 625 888 668 τῶνδ’
931 624 1044 670 εἴσω.

372 713 426 751 V.
457 711 495 750 6.
524 723 562 761 7.
607 702 988 761 Τλημοσύνην
1052 704 1271 765 ἔθηκαν
1343 706 1664 765 φάρμακον.

270 788 436 826 Locum
473 783 614 830 hunc,
661 791 871 821 monente
898 782 961 821 Cl.
989 781 1256 825 Schneidero
1296 795 1339 825 et
1373 785 1526 825 Iacobs
1563 785 1593 824 1.
1629 799 1664 824 c.

270 873 313 913 p.
346 863 442 910 149,
488 857 661 908 respicit
690 853 969 896 Philostratus
1002 855 1089 896 Vit.
1125 858 1331 910 Apollon.
1359 858 1453 898 VII.
1495 871 1547 910 p.
1573 858 1664 906 306.

269 928 634 985 Ἐνθυμηθέντας
672 925 749 970 τὸν
781 927 860 970 τοῦ
887 926 1171 987 Ἀρχιλόχου
1203 930 1283 973 τοῦ
1312 930 1483 988 Παρίου
1512 930 1666 987 λόγον,

270 1007 317 1058 ὃς
345 1008 425 1064 τὴν
457 1006 525 1049 ἐπὶ
564 1006 654 1058 τοῖς
684 1003 895 1062 λυπηροῖς
922 1008 1153 1064 καρτερίαν
1183 1005 1467 1065 τλημοσὺνην
1495 1006 1667 1057 καλῶν,

271 1088 389 1131 θεῶν
439 1081 576 1139 αὐτήν
618 1087 753 1139 φησιν
798 1080 990 1141 εὕρημα,
1037 1084 1272 1142 ἀναφέρειν
1311 1086 1401 1129 τῶν
1440 1085 1666 1144 σχετλίων

271 1162 458 1208 τούτων.
487 1184 544 1196 -
569 1166 755 1205 Praeivit
773 1167 987 1206 Homerus
1009 1166 1059 1206 11.
1080 1179 1127 1206 ω.
1154 1172 1218 1219 4ο.
1247 1162 1427 1220 Τλητόν
1451 1165 1536 1221 γὰρ
1557 1165 1668 1208 Μοῖ-

273 1260 343 1302 ραι
373 1239 519 1297 θυμὸν
549 1238 686 1283 θέσαν
719 1238 1026 1298 ἀνθρώποισιν.
1091 1245 1324 1298 Comparat
1352 1245 1505 1286 Iacobs
1538 1251 1668 1287 etiam

273 1322 425 1360 Horat.
436 1319 467 1358 Ι.
482 1322 543 1370 24.
561 1330 629 1369 19:
658 1317 848 1356 Durum:
878 1316 957 1356 sed
975 1317 1110 1356 levius
1132 1317 1179 1357 fit
1196 1321 1422 1370 patientia,
1452 1319 1670 1373 quidquid

274 1397 491 1446 corrigere
521 1401 585 1431 est
612 1392 748 1431 nefas.
808 1390 918 1429 Item
951 1389 1145 1430 Philetae
1183 1400 1226 1430 et
1254 1391 1469 1432 Plutarch.
1504 1393 1666 1442 locum,

275 1481 384 1519 quos
413 1465 510 1504 vide
537 1464 567 1503 l.
600 1477 634 1502 c.
705 1462 831 1502 Adde
861 1463 1073 1502 Simonid.
1099 1462 1274 1502 Stobae.
1307 1464 1517 1504 Heerenii
1552 1466 1604 1504 T.
1635 1466 1668 1505 Ι.

272 1559 315 1598 p.
338 1551 398 1590 28.
428 1536 532 1589 Ζεὺς
559 1534 738 1580 πάντων
769 1530 901 1587 αὐτὸς
931 1535 1151 1596 Φάρμακα
1180 1537 1340 1594 μοῦνος
1363 1534 1474 1594 ἔχει.
1533 1543 1604 1581 Sic
1626 1553 1670 1582 et

273 1626 500 1676 Argentar.
517 1623 566 1660 in
595 1621 842 1673 epigramm.
863 1624 922 1664 15.
950 1632 993 1672 p.
1015 1619 1101 1671 269.
1130 1613 1267 1672 Λιμὸς
1295 1613 1536 1672 φάρμακον
1566 1615 1673 1672 μοῦ·

274 1710 342 1748 νος
374 1692 471 1751 ἔχει
502 1691 614 1746 (τοῦ
645 1688 846 1749 ἔρωτος).
891 1698 996 1735 item
1027 1696 1178 1748 Quint.
1205 1698 1347 1737 Maec.
1376 1698 1503 1739 Anal.
1535 1700 1587 1739 T.
1614 1700 1668 1741 11.

272 1786 315 1826 p.
335 1780 421 1824 237.
451 1773 586 1825 epigr.
603 1776 642 1816 5.
662 1768 761 1808 vide
781 1767 928 1808 Iacobs
950 1769 1051 1808 Vol.
1073 1769 1105 1808 Ι.
1134 1783 1176 1821 p.
1194 1777 1283 1818 513.

374 1849 427 1887 V.
451 1861 488 1901 7.
519 1839 770 1886 ’Άλλοτε
815 1841 849 1884 δ’
900 1838 1083 1894 ἄλλος
1121 1840 1246 1900 ἔχει
1287 1843 1433 1888 τάδε.
1491 1848 1562 1887 Sic
1587 1859 1669 1900 pro

272 1921 373 1965 τόδε
400 1925 707 1978 reponendum
743 1939 834 1965 esse
863 1928 1035 1974 censui,
1070 1928 1129 1965 ita
1158 1936 1207 1965 ut
1235 1926 1291 1967 ad.
1318 1921 1439 1966 κακὰ
1465 1929 1513 1967 in
1537 1927 1671 1978 priori

272 2018 399 2043 versu
426 2003 651 2043 referatur.
710 2003 822 2042 Nam
848 1998 948 2042 τόδε
979 2008 1014 2043 si
1033 2007 1219 2044 retineas
1229 2033 1251 2062 ,Ὗ
1284 2015 1328 2045 et
1348 2005 1404 2046 ad
1428 2007 1670 2058 proximum

275 2076 516 2132 φάρμακον
546 2094 596 2120 ex
624 2079 793 2134 legibus
825 2085 1128 2134 grammaticae
1156 2084 1342 2132 referas,
1386 2093 1435 2122 ut
1462 2096 1486 2122 a
1513 2082 1669 2121 Grotio

274 2153 461 2202 factum,
493 2153 540 2192 id
557 2167 687 2192 sensu
707 2155 842 2192 invito
867 2163 910 2194 et
929 2165 1203 2208 repugnante
1226 2155 1316 2195 fieri
1333 2165 1451 2195 recte
1471 2153 1673 2194 observat

272 2228 441 2269 Iacobs.
494 2229 551 2267 At
578 2243 681 2268 vero
711 2232 745 2268 si
771 2224 870 2268 τόδε
899 2230 955 2270 ad
982 2226 1104 2283 κῦμα
1133 2246 1156 2271 e
1187 2232 1482 2286 superioribus
1512 2231 1668 2282 trahas,

277 2304 405 2340 etiam
434 2300 515 2339 hac
543 2303 714 2341 ratione
741 2304 808 2341 vix
835 2306 1049 2343 sententia
1074 2308 1172 2344 satis
1203 2305 1432 2345 commoda
1458 2305 1527 2345 vel
1554 2315 1670 2346 certe

277 2379 504 2419 obscurior
523 2379 628 2419 inde
655 2383 814 2428 existit,
851 2385 1100 2433 praesertim
1128 2384 1163 2421 si
1190 2376 1312 2435 κῦμα
1338 2385 1540 2436 proprio,
1576 2395 1672 2423 nou

276 2453 484 2493 translato
505 2465 634 2491 sensu
654 2454 853 2504 accipiaS,
882 2463 931 2492 ut
956 2455 1259 2507 accipiendum
1283 2465 1360 2504 est,
1389 2468 1537 2509 neque
1567 2469 1672 2496 con-

277 2531 518 2580 tenderim,
559 2532 658 2569 satis
687 2543 888 2582 graecum
917 2545 1008 2572 esse
1036 2523 1210 2572 ὄίλλοτε
1237 2524 1380 2580 σ’ίλλος
1410 2526 1506 2586 ἔχει
1534 2528 1671 2586 κῦμα.

275 2606 474 2658 Recepto
494 2619 598 2645 vero
626 2601 744 2659 τάδε,
769 2612 908 2650 omnis
931 2624 1079 2650 sensus
1100 2608 1142 2651 et
1159 2615 1461 2665 grammaticae
1488 2611 1673 2652 difficul-

278 2692 340 2721 tas
366 2683 534 2722 tollitur
559 2692 603 2722 et
630 2689 855 2737 sequentia
885 2701 1063 2741 quoque
1086 2687 1199 2728 bene
1221 2695 1511 2731 consentiunt.
1538 2683 1673 2728 Κακὰ

277 2754 424 2817 ἔχειν,
461 2760 582 2803 malis
607 2767 747 2818 premi
777 2765 845 2806 vel
877 2763 1081 2807 afflictum
1109 2780 1225 2817 esse,
1261 2778 1380 2808 recte
1410 2783 1432 2807 a
1460 2770 1602 2821 poetis
1628 2775 1672 2805 et
