1846 3308
761 309 828 317 *-
904 298 995 329 102
1066 308 1134 316 -··

321 422 477 471 Nulla
511 419 614 467 iam
642 417 867 467 miranda
903 418 1052 467 nobis
1090 417 1305 480 amplius
1342 419 1648 480 spectacula-5

319 518 426 561 Nec
456 527 569 559 suas
601 510 642 558 si
662 501 795 559 forte
828 508 1035 572 delphin
1056 509 1259 556 horrido
1283 508 1503 572 migrans
1524 509 1650 556 mari

325 608 454 651 Cum
487 600 606 648 feris
637 611 800 646 mutet
831 599 1072 657 latebras,
1109 599 1287 662 hisque
1319 598 1515 645 telluris
1540 597 1650 646 solo

325 693 497 741 Carius
534 689 599 738 sit
634 706 843 751 aequor,
879 690 1028 736 illum
1064 689 1193 736 celsa
1239 688 1486 735 delectent
1520 686 1651 752 iuga.

335 839 506 877 (Brunck
535 840 635 868 Anal.
662 840 698 869 Τ.
719 839 744 867 1.
767 848 798 877 p.
821 841 867 872 45.
890 836 934 866 fr.
957 841 1002 872 18.
1027 837 1146 865 Iacobs
1166 835 1243 870 Vol.
1265 836 1291 864 1.
1315 837 1350 869 “.,Ρ.
1375 837 1401 865 Ι.
1433 846 1465 874 p.
1486 835 1576 874 160.)

357 903 571 942 Stobaeus
612 902 746 940 Serm.
787 900 897 939 CIX.
926 895 1020 953 περὶ
1051 894 1235 946 ἐλπίδος.
1286 899 1537 939 Aristoteles
1571 901 1656 938 ini-

258 983 366 1020 tium
395 980 520 1019 huius
549 979 780 1032 fragmenti
813 976 946 1016 habet
971 977 1150 1017 Rhetor.
1180 979 1227 1017 L.
1247 977 1318 1016 III.
1352 990 1386 1015 c.
1404 984 1467 1024 50.
1498 968 1552 1022 ὡς
1580 969 1656 1014 καὶ

258 1052 529 1111 Ἀρχίλοχος
561 1050 718 1109 ψέγει’
759 1051 874 1094 ποιεῖ
906 1051 991 1111 γὰρ
1025 1050 1102 1093 τὸν
1134 1049 1303 1106 πατέρα
1335 1047 1528 1105 λέγοντα
1559 1049 1655 1108 περὶ

258 1133 332 1187 τῆς
355 1127 581 1187 θυγατρὸς
603 1129 645 1172 ἐν
677 1130 744 1185 τῷ
765 1125 915 1186 ἰάμβῳ
932 1143 943 1153 ·
971 1129 1217 1186 Χρημάτων
1242 1126 1274 1170 δ’
1303 1124 1344 1169 ὀί.
1368 1120 1434 1171 οὗ.
1457 1124 1521 1170 οὐ.
1555 1126 1585 1170 ἐ.
1612 1127 1654 1169 ἂ.

259 1208 389 1247 Unde
412 1219 612 1261 apparet,
641 1206 919 1247 Aristotelem
948 1209 1160 1245 memoria
1178 1205 1347 1256 lapsum
1374 1204 1570 1244 retulisse
1601 1205 1657 1243 ad

259 1281 427 1325 iambos
453 1295 648 1330 versum,
690 1283 766 1334 qui
794 1289 1043 1320 tetrameter
1073 1277 1315 1319 trochaicus
1344 1286 1429 1326 est,
1456 1290 1657 1331 ,eumque

262 1356 322 1393 sic
341 1356 636 1395 constituisse:

482 1448 870 1460 -----
897 1426 1146 1486 χρημάτων

485 1508 537 1547 Δ’
552 1500 748 1549 ἄελπτον
775 1500 898 1549 οὐδέν
925 1505 1009 1559 {ng
1024 1537 1034 1557 ,
1074 1498 1164 1548 οὐδ’
1186 1502 1440 1561 ἀπώμοτον.

260 1584 355 1622 Nisi
379 1583 493 1623 forte
531 1598 629 1624 cum
667 1583 783 1623 doct.
814 1583 966 1623 Iacobs
1008 1596 1057 1622 ex
1092 1581 1176 1620 alio
1219 1583 1407 1627 carmine
1447 1579 1556 1620 haec
1584 1580 1660 1621 de·
1722 1587 1726 1590 ”

260 1667 401 1697 sumta
430 1669 522 1696 esse
548 1666 706 1695 statuas
717 1683 730 1703 ,
770 1659 896 1709 quia,
941 1669 1054 1709 quae
1079 1653 1332 1694 'Aristoteles
1370 1652 1426 1692 de
1457 1667 1584 1693 causa
1617 1663 1661 1693 et

262 1732 494 1769 occasione
517 1728 642 1768 huius
668 1731 865 1773 carminis
888 1727 1031 1776 tradit,
1059 1740 1153 1767 non
1181 1735 1402 1778 appareat,
1433 1725 1660 1778 quomodo

261 1812 413 1847 nostro
428 1802 530 1842 loco
549 1801 771 1843 conciliari
786 1802 963 1858 possint.
979 1800 1008 1839 1.
1026 1814 1060 1840 c.
1082 1813 1131 1829 -·
1150 1793 1238 1838 Se'cl
1256 1812 1331 1837 cur
1346 1800 1502 1836 mirum
1515 1798 1662 1838 videa-

263 1885 348 1924 tur,
373 1890 424 1915 ex
450 1877 691 1930 fragmento
712 1874 767 1913 de
788 1873 852 1913 his
872 1877 971 1913 satis
995 1882 1110 1912 certo
1132 1871 1317 1911 iudicari
1337 1884 1425 1909 non
1444 1884 1565 1923 posse
1588 1881 1662 1910 aut

261 1962 423 1989 :nexum
444 1958 487 1988 et
500 1949 856 1988 consecutionem
884 1937 1016 1986 totius
1046 1943 1193 1984 sensus
1218 1956 1313 1983 non
1336 1937 1549 1995 perspici?
1573 1943 1662 1981 Ne-

265 2035 351 2073 que
376 2025 506 2061 etiam
530 2023 708 2073 copioso
729 2018 979 2059 Archilochi
1002 2021 1184 2072 ingenio
1210 2018 1446 2056 convenire
1474 2014 1659 2064 videtur,

265 2103 312 2133 ut
337 2094 490 2134 eadem
512 2093 667 2134 iisdem
685 2091 824 2132 verbis
845 2095 893 2131 in
916 2092 1001 2132 alio
1031 2093 1219 2130 carmine
1241 2098 1422 2141 repetat.

364 2177 418 2215 V.
443 2191 475 2216 1.
513 2169 771 2215 ἄελπτον
805 2166 971 2214 οῦδὲν
1015 2170 1153 2223 ἐςιν,
1192 2166 1302 2211 οὐδ’
1343 2166 1660 2223 ἀπώμοτον.

265 2253 403 2292 Simili
440 2267 570 2294 sensu
611 2254 757 2304 Eurip.
791 2254 880 2292 Ion.
914 2267 948 2291 v.
981 2258 1091 2297 1510.
1128 2243 1273 2302 μηδεὶς
1316 2242 1509 2288 δοκείτω·
1528 2242 1662 2299 μηδὲν

266 2324 511 2384 ἀνθρώπων
535 2322 880 2370 ποτὲ”Αελπτον
909 2319 1017 2367 εἶναι
1044 2322 1148 2381 πρὸς
1179 2322 1238 2365 τὰ
1259 2320 1551 2378 τυγχάνοντα
1573 2320 1662 2364 νῦν.

375 2402 729 2460 Ἀπιῦμοτον,
771 2401 798 2446 ὃ
829 2398 883 2449 ἄν
920 2417 985 2452 τις
1011 2396 1252 2456 ’ἂπομόσειε
1282 2399 1510 2456 γεγονέναι
1541 2396 1570 2455 ἢ
1600 2398 1662 2455 μὴ

266 2481 487 2538 γενέσθαι.
536 2477 674 2529 Ἕνιο,ι
696 2479 739 2522 δὲ
759 2477 1006 2532 ἀνέλπιςον.
1034 2484 1171 2536 Etym.
1194 2483 1256 2520 M.
1284 2481 1413 2522 Plura
1439 2491 1665 2525 auctorum

265 2565 388 2612 loca,
426 2566 501 2623 qui
535 2572 778 2616 praeeunte
805 2559 1068 2601 Archilocho
1103 2559 1164 2599 his
1193 2560 1333 2600 verbis
1361 2552 1558 2605 ἄελπτον
1589 2551 1668 2599 καὶ

265 2637 504 2693 ἀπώμοτον
531 2644 598 2689 usi
624 2651 746 2689 sunt,
777 2640 919 2680 adfert
938 2638 1091 2679 Iacobs
1113 2639 1141 2677 1.
1164 2653 1199 2677 c.

366 2720 419 2759 V.
440 2733 477 2763 2,
521 2712 710 2770 ἐπειδὴ
745 2731 826 2769 pro
856 2711 1026 2756 ἐπειδὰν
1075 2731 1098 2756 a
1145 2716 1364 2756 Brunckio
1408 2716 1662 2768 repositum,

273 2795 380 2845 quia
402 2792 514 2832 illud
529 2791 784 2835 indicativus
803 2788 1063 2842 postulabat.
