1846 3308
640 309 707 318 .-.
775 289 875 337 255
943 305 1011 316 .—

721 418 931 464 CLXXI.

695 529 959 601 Τρᾶμκ.

231 651 426 692 Erotian.
445 660 485 687 v.
510 641 708 701 Τράμιν·
743 638 822 681 τὸν
852 632 1002 696 ὅρῥον,
1041 634 1173 697 ὅνπερ
1203 639 1278 683 καὶ
1311 638 1523 682 ἱππόταυ·

135 746 209 790 ρον
227 728 469 788 καλοῦμεν,
497 724 555 780 ὡς
572 727 647 770 καὶ
663 716 887 772 Ἱππῶναξ
905 721 1055 778 φησὶν,
1077 721 1279 768 ἐκτίλλοι
1299 740 1365 774 τις
1384 718 1524 768 αὖα-οὖ

131 813 215 869 τὴν
232 808 657 872 τράμινὺποργὰσαι
685 808 822 859 (forte
848 802 1175 865 ὖποργάσαντος
1186 810 1219 861 ).
1240 806 1527 866 μέμνηται

135 894 229 939 καὶ
252 894 615 953 ’Δρχίλοχος.
659 893 920 950 Λυσίμαχος
942 890 986 935 δὲ
1005 892 1082 935 τὸν
1103 892 1374 948 σφιγκτῆρα.
1425 896 1527 936 Pol-

133 982 208 1021 lux
234 981 281 1020 L.
302 980 354 1021 H.
379 994 423 1033 p.
448 986 533 1031 173.
560 975 613 1018 τὸ
639 974 684 1017 δὲ
706 974 832 1034 ῥαφῇ
851 975 932 1031 μὲν
953 973 1227 1033 προσεοικὸς,
1260 970 1343 1016 ὑπὸ
1374 973 1419 1016 δὲ
1445 972 1525 1017 τὸν

135 1058 306 1102 καυλὸν
340 1056 411 1100 διὰ
439 1056 519 1100 τοῦ
556 1055 720 1113 ὀσχὲου
750 1056 915 1114 μέσου,
954 1054 1038 1099 ὑπὸ
1080 1055 1159 1099 τὸν
1201 1054 1527 1114 ὀνομαζόμενον

132 1144 297 1203 ταῦρον
327 1169 383 1177 -
412 1143 469 1194 εἰς
490 1141 568 1186 τὸν
594 1139 835 1186 δακτύλιον
863 1142 1149 1199 καταλῆγον,
1186 1143 1403 1200 περίναιον
1437 1142 1527 1187 ὂνο·

134 1220 325 1282 μᾶζεται
344 1221 418 1263 καὶ
449 1218 605 1278 τράμις
635 1219 708 1262 καὶ
738 1216 872 1279 ὅρῥος.
925 1224 1084 1263 Suidae
1103 1237 1206 1264 vero
1232 1221 1390 1279 τράμις
1415 1237 1478 1266 est
1504 1221 1527 1265 ὁ

134 1304 362 1362 πρωκτὸς,
398 1301 616 1360 Hesychio
645 1301 698 1344 τὸ
732 1300 881 1358 ῥῆγμα
910 1302 986 1357 τῆς
1014 1299 1159 1358 ἕδρας,
1188 1299 1210 1343 ὁ
1240 1297 1387 1361 ὅῤῥος,
1416 1303 1530 1355 τινὲς

136 1386 334 1445 ἔντερον,
385 1384 426 1427 οἱ
477 1381 522 1426 δὲ
560 1383 724 1440 ἰσχίον.
760 1385 869 1442 (leg.
913 1381 1103 1441 ὅσχεον,
1144 1399 1194 1428 ut
1238 1391 1366 1428 etiam
1409 1392 1530 1442 apud

138 1473 318 1513 Suidam
345 1463 510 1524 ὅσχεον
535 1486 617 1524 pro
645 1467 791 1525 ἰσχίον
819 1485 882 1514 est
911 1475 1217 1527 reponendum
1243 1486 1338 1514 voc.
1375 1464 1531 1528 ὅῤῥος.)

136 1548 391 1590 Eustachius
418 1551 466 1588 in
488 1552 688 1589 versione
716 1566 872 1592 vocum
891 1553 1110 1601 Erotiani,
1139 1565 1250 1606 quae
1280 1563 1379 1591 sunt
1411 1556 1530 1606 apud

139 1628 475 1680 Hippocratem,
514 1626 678 1667 Rufum
706 1627 761 1666 de
800 1631 986 1681 partium
1022 1626 1200 1666 humani
1229 1632 1420 1679 corporis
1454 1645 1530 1683 ap-

138 1703 378 1757 pellatione
399 1706 553 1742 excitat
580 1703 627 1742 C.
649 1717 709 1744 12.
735 1726 785 1734 —
835 1705 1014 1744 Lineam
1041 1719 1122 1757 per
1146 1704 1337 1744 medium
1368 1706 1531 1747 discur-

137 1797 308 1828 rentem
344 1785 460 1838 apud
487 1785 677 1825 Graecos
715 1780 899 1841 τράμιν,
939 1787 1146 1835 tramida,
1184 1785 1257 1825 alii
1293 1776 1418 1841 ὅρῥου
1456 1805 1531 1843 ap-

138 1866 318 1919 pellam.

717 2145 954 2190 CLXXII.

636 2258 1059 2330 Tefxovkoss⁴

242 2378 391 2419 Pollux
416 2376 465 2416 L.
486 2375 540 2417 11.
571 2390 607 2416 c.
627 2383 691 2424 23.
741 2370 830 2412 Kal
869 2363 1134 2427 οὗλότριχες
1168 2373 1271 2427 παρ’
1296 2369 1535 2428 Ἡροδότῳ.

138 2455 417 2515 ’Δρχὶλοχος
445 2453 519 2497 καὶ
552 2453 802 2513 ἂυαςρέψας
825 2449 1070 2509 τρίχουλον
1103 2449 1283 2508 εἴρηκεν.
1335 2456 1539 2495 Herodo-

141 2552 210 2581 tus
229 2540 277 2579 L.
297 2540 350 2579 11.
374 2553 411 2577 c.
425 2544 490 2584 30·
512 2538 567 2578 de
588 2537 783 2578 Colchis:
812 2531 1112 2590 μελανόχροές
1140 2533 1220 2576 εἶσι
1240 2531 1314 2576 καὶ
1338 2525 1539 2591 οὗλότρι·

142 2634 238 2675 χες.
290 2607 441 2666 Οὖλος
476 2620 532 2659 de
570 2619 732 2672 capillis
767 2617 885 2657 idem
920 2617 1044 2671 quod
1092 2621 1253 2670 crispus
1298 2616 1539 2670 significare

146 2698 339 2739 ostendit
363 2696 516 2737 Iacobs
537 2696 831 2736 Animadvers.
858 2694 911 2734 V.
929 2694 981 2734 11.
1011 2695 1057 2734 P.
1077 2695 1110 2734 Ι.
1137 2709 1180 2747 p.
1204 2707 1292 2735 220.
1321 2693 1377 2734 ad
1395 2692 1542 2734 Philo-

145 2777 261 2816 demi
282 2778 415 2828 epigr.
439 2788 496 2814 10.
521 2774 647 2813 Anal.
673 2774 724 2812 Τ.
744 2772 795 2812 11.
823 2786 865 2825 p.
885 2777 949 2818 85.
979 2785 1016 2812 v.
1040 2785 1100 2812 12.
