1846 3308
760 271 1133 321 ..230-

256 400 411 439 Vultus
439 397 669 452 Eurypyli‚
705 395 970 452 Astyoches,
997 397 1155 436 Priami
1179 400 1361 446 sororis,
1394 407 1438 437 et
1461 398 1648 451 Telephi

255 472 357 520 filii,
389 485 609 523 expressus
641 480 704 510 est
723 469 931 509 Thesaur.
962 470 1175 523 Antiquit.
1204 469 1405 510 Graecar.
1438 471 1650 525 Gronovii

257 545 309 583 T.
339 544 371 583 I.
409 544 489 583 Iiii.
551 543 621 583 De
649 541 918 599 pyrrhichica
946 542 1174 582 saltatione
1215 546 1302 598 agit
1329 542 1575 582 Bartolinus
1603 546 1651 582 in

240 602 429 657 *Auctan
449 617 495 656 C.
517 616 591 655 XI.
604 644 618 666 ,
648 625 690 655 et
709 615 854 668 plures
874 618 921 655 in
941 629 1035 655 eam
1054 630 1143 655 rem
1166 626 1362 656 auctores
1385 620 1499 656 citat.
1549 615 1649 655 vid.

257 688 470 728 Athenae.
491 690 538 727 L.
559 689 675 728 XIV.
695 704 736 741 p.
758 689 847 736 630.
870 698 914 727 et
931 703 1022 741 seq.
1072 689 1284 728 Stobaeus
1305 691 1501 729 Sermon.
1519 689 1650 728 XLII.

258 780 303 818 p.
334 780 421 818 292.
468 763 524 805 Οἱ
565 761 609 804 δὲ
638 761 829 821 Κρητῶν
864 761 1013 811 παῖδες
1054 760 1352 822 ἂγελάζονται
1392 763 1520 817 κοινῆ
1554 765 1652 820 μετ’

261 837 478 894 ἀλλήλων
508 865 562 873 -
591 840 671 895 τὴν
696 837 898 883 ἐνόπλιον
925 838 1144 900 πυῤῥίχηυ
1172 839 1470 894 ἐκπονοῦντες,
1498 837 1653 898 ἥντινα

258 917 431 973 πρῶτος
451 910 549 975 εὗρε
571 913 797 977 Πύῤῥιχος
820 916 1100 976 Κυδωνιάτης
1119 919 1235 977 Κρὴς
1253 917 1305 962 τὸ
1331 917 1465 974 γένος.

865 1186 1058 1231 CXXII.

359 1269 637 1329 Ἀρχίλοχος
665 1269 760 1313 τὸν
800 1269 1039 1315 κὺτισου
1070 1269 1258 1326 φυτόν
1288 1270 1425 1326 φησιν
1456 1268 1659 1328 ὠφέλι-

262 1362 365 1405 μον
405 1343 553 1391 εἶναι
600 1349 722 1401 τοῖς
759 1349 1115 1409 θρέμμασιν,
1162 1346 1254 1393 ὅτι
1303 1346 1525 1404 πλῆθος
1570 1346 1659 1406 γά-

261 1423 479 1477 λακτος
514 1428 679 1471 voest.

280 1559 283 1561 Α
362 1503 588 1545 Scholiast.
624 1505 834 1546 Nicandri
868 1520 913 1559 p.
939 1510 1004 1559 49.
1046 1506 1098 1546 Α.
1166 1506 1254 1546 Lac
1299 1510 1449 1562 augeri
1484 1506 1660 1560 capellis

267 1581 471 1632 cytisum,
522 1592 653 1633 quem
698 1583 894 1638 inprimis
940 1589 1110 1628 amant,
1161 1579 1415 1629 edentibus,
1462 1581 1663 1621 observat

267 1660 398 1696 etiam
416 1655 632 1696 scholiast.
669 1656 889 1697 Theocriti
908 1657 1035 1712 Idyll.
1056 1670 1117 1697 ιο.
1148 1670 1186 1696 ν.
1204 1665 1269 1705 50.
1295 1652 1343 1694 ’Δ
1377 1647 1453 1703 αἲξ
1481 1651 1559 1695 τὸν
1589 1647 1663 1694 κύ·

264 1742 414 1776 τισον,
476 1728 513 1772 ὅ
544 1725 682 1780 λύκος
730 1728 814 1773 τὰν
853 1725 962 1788 αἶγα
1013 1729 1170 1775 διώκει.
1243 1735 1388 1776 Schol.
1427 1728 1450 1774 ὁ
1489 1724 1666 1780 κύτισος

268 1805 442 1861 φυτὸν.
507 1804 535 1850 ὅ
586 1807 821 1864 νεμόμεναι
877 1809 922 1851 αἱ
968 1803 1089 1866 αἶγες
1139 1807 1370 1866 ’γάλακτος
1422 1806 1666 1864 πλήθουσι.

264 1884 316 1923 Id
355 1887 544 1925 imitatus
584 1894 647 1925 est
683 1885 912 1941 Virgilius:
963 1886 1211 1927 Florentem
1251 1889 1431 1942 cytisum
1469 1888 1666 1939 sequitur

266 1955 424 2009 lasciva
452 1958 632 2011 capella.
701 1958 833 1999 Unde
862 1962 1010 2000 rustici
1041 1974 1095 2000 eo
1115 1962 1352 2012 praecipue
1381 1958 1568 2012 capellas
1587 1971 1666 2011 pa-

271 2047 390 2073 scere
409 2034 566 2074 solent.
587 2034 808 2076 Theocrit.
833 2036 956 2092 Idyll.
977 2042 1016 2083 5.
1035 2051 1073 2077 v.
1098 2043 1182 2085 128.
1210 2032 1297 2075 Ταὶ
1318 2031 1398 2090 μὲν
1420 2030 1520 2090 ἐμαὶ
1546 2026 1665 2074 κύτι-

270 2105 345 2148 σόν
376 2122 426 2150 τε
455 2106 528 2150 καὶ
558 2106 734 2166 αἴγιλον
766 2106 885 2168 αἶγες
912 2107 1069 2154 ἔδοντι.

863 2384 1080 2428 CXXIII.

373 2464 575 2521 Ἀηδόνος
601 2465 794 2517 νεοσσός·
834 2466 908 2510 καὶ
938 2467 990 2510 τὸ
1022 2469 1096 2524 τῆς
1120 2466 1326 2524 γυναικὸς
1355 2466 1518 2511 αἰδοῖον
1547 2467 1668 2524 παρὰ

271 2541 556 2600 Ἀρχιλόχῳ.
594 2547 849 2602 Hesychius.
895 2550 956 2588 Ex
975 2549 1279 2590 emendatione
1294 2549 1460 2590 Alberti
1479 2550 1670 2590 etVossii

274 2633 403 2660 voces
435 2623 604 2673 primae
631 2633 726 2660 non
755 2620 915 2661 divisae
945 2625 1329 2674 interpunctione,
1379 2623 1457 2663 sed
1487 2626 1671 2663 coniun-

279 2701 373 2731 ctae
401 2692 619 2746 legendae
649 2702 773 2743 sunt,
808 2704 858 2733 ut
885 2697 1013 2734 etiam
1047 2696 1167 2748 apud.
1186 2695 1476 2737 Phavorinum
1502 2691 1671 2735 in'veni·

276 2773 423 2804 untur.
493 2765 578 2806 Rei
615 2769 748 2819 turpis
786 2765 1014 2808 honestior
1049 2778 1093 2809 et
1129 2773 1294 2810 comica
1329 2769 1668 2810 circumlocutio.
