1846 3308
820 365 886 376 —
954 358 1010 388 lv
1079 368 1146 376 ...-

292 475 465 548 digna
483 480 603 530 esse
627 477 988 550 pronunciat,
1015 496 1163 549 quae
1187 476 1512 551 diligentius
1533 480 1686 534 colli-

290 576 527 646 ganti1r3
568 587 627 628 et
648 576 757 628 viri
775 574 1030 642 litterati,
1060 574 1373 629 Ruhnken.
1399 575 1471 629 ad
1492 578 1683 633 Vellei.

287 691 344 746 p.
375 687 460 737 25.
494 685 553 726 et
587 672 861 726 Huschke
894 672 1205 727 Miscellan.
1247 673 1520 748 philolog.
1556 677 1614 729 P.
1640 677 1682 730 I.

285 790 343 846 p.
368 782 453 839 24.
476 772 715 825 Dissert.
752 769 822 824 de
859 769 1034 824 fabul.
1064 770 1393 827 Archilochi
1428 775 1490 826 in
1524 786 1684 842 nota,

283 871 495 923 merito
525 858 837 936 mirantum
885 889 987 923 cur
1018 888 1191 923 nemo
1232 868 1422 924 adhuc
1458 873 1685 926 exstite-

286 970 389 1037 rit,
431 969 532 1041 qui
558 985 622 1020 ea
647 965 937 1038 colligeret
969 980 1028 1022 et
1051 969 1370 1035 accuratius
1392 982 1682 1024 tractaret.

433 1068 540 1120 His
577 1065 899 1120 rationibus
948 1064 1229 1120 adductus
1270 1085 1364 1120 me
1415 1066 1487 1121 ad
1533 1066 1686 1122 hanc

285 1176 542 1239 spartam
581 1163 829 1232 adcinxi,
888 1165 950 1217 in
985 1183 1101 1237 qua
1146 1163 1406 1218 ornanda
1444 1165 1506 1221 id
1541 1166 1686 1220 mihi

283 1263 567 1337 imprimis
606 1281 776 1316 curae
812 1260 950 1330 fuit,
984 1275 1055 1316 ut
1083 1281 1464 1336 quaecunque
1484 1263 1684 1320 Archi·

281 1359 439 1414 lochi
474 1362 795 1414 carminum
838 1359 992 1427 loca,
1045 1359 1139 1414 vel
1178 1374 1444 1415 veterum
1493 1361 1564 1417 de
1611 1382 1680 1416 eo

284 1460 618 1513 testimonia
636 1479 743 1534 per
766 1477 964 1513 omnes
986 1471 1248 1512 auctores
1274 1458 1528 1534 dispersa
1545 1460 1682 1514 late·

283 1571 443 1625 rent,
487 1556 744 1612 studiose
772 1558 1199 1629 conquireremz
1237 1571 1296 1612 et
1319 1577 1436 1631 quo
1462 1556 1683 1613 facilius

285 1658 462 1710 etiam
506 1657 617 1710 viri
653 1655 811 1709 docti
847 1668 1286 1728 cognoscerent,
1338 1655 1478 1729 quid
1517 1656 1682 1711 colle-

284 1767 445 1809 ctum
468 1755 556 1821 sit,
583 1752 1042 1827 colligendumve
1061 1766 1254 1822 restet,
1280 1773 1403 1807 non
1429 1754 1682 1809 alienum

284 1872 405 1907 esse
438 1853 647 1928 putavi
681 1865 989 1907 auctorum
1019 1851 1298 1920 indicem,
1355 1872 1424 1906 ex
1468 1852 1679 1926 quibus

278 1950 424 2005 haec
468 1949 791 2025 fragmenta
831 1965 891 2006 et
926 1951 1257 2005 testimonia
1297 1951 1484 2024 petita
1526 1964 1679 2018 sunt,

281 2047 623 2123 adiungere,
661 2067 853 2122 neque
874 2067 1107 2116 vereor,
1145 2069 1219 2103 ne
1244 2048 1305 2102 id
1324 2048 1467 2102 mihi
1489 2062 1678 2102 osten-

279 2149 493 2201 tationi
518 2146 814 2202 tribuatur
839 2148 904 2217 (a
932 2166 1047 2219 qua
1068 2146 1396 2219 longissime
1422 2145 1675 2217 absum),

279 2246 444 2319 quasi
497 2247 777 2298 immensa
837 2243 1087 2316 quadam
1145 2243 1394 2298 lectione
1450 2244 1679 2316 gloriari

276 2343 423 2397 mihi
444 2344 818 2417 propositum
841 2354 1015 2411 esset3
1058 2340 1155 2394 sed
1186 2343 1436 2415 ingenue
1470 2340 1675 2409 fateor,

273 2440 493 2496 bonam
525 2440 760 2514 quidem
795 2452 1022 2514 partem
1067 2457 1270 2491 eorum
1313 2458 1406 2491 rne
1446 2439 1674 2512 pervol-

275 2541 448 2606 visse3
485 2558 621 2592 nam
648 2540 774 2611 quis
806 2535 1251 2610 elegantioribus
1276 2535 1479 2591 litteris
1521 2535 1676 2590 dedi-

274 2652 369 2693 tus
393 2639 682 2713 optimum
715 2654 1004 2708 quemque
1034 2654 1154 2687 non
1184 2628 1427 2707 legerit‘.2
1462 2635 1524 2687 in
1553 2633 1672 2688 aliis

274 2756 440 2804 vem,
477 2754 730 2809 quorum
757 2734 1076 2787 accuratior
1112 2734 1366 2804 cognitio
1401 2731 1473 2786 ad
1499 2733 1671 2786 ratio-

274 2853 407 2888 nem
467 2832 795 2889 studiorum
839 2849 1106 2886 meorum
1149 2849 1270 2885 non
1318 2828 1667 2906 pertinebat,
