1846 3308
815 286 1190 336 ...196-

303 418 467 474 Πὰριος
496 414 582 470 γὰρ
615 412 675 456 ὢν
706 412 758 455 τὸ
803 411 923 468 γένος
963 409 1007 454 ἐν
1035 410 1267 470 Βυζαντίῳ
1310 411 1532 468 δελφίνων
1562 417 1707 470 βόλον

306 492 612 550 ἐνσχεθέντων
663 490 831 546 σαγηνη
886 489 961 532 καὶ
1004 489 1346 533 κινδυνευόντων
1386 496 1708 551 κατακοπῆναι,

302 572 537 629 πριάμενος
568 571 738 626 μεθῆκε
768 566 951 622 πάντας.
1002 567 1175 625 Ὀλίγῳ
1207 566 1252 610 δὲ
1284 566 1433 626 ὕςερον
1463 568 1587 613 ἔπλει
1613 587 1709 615 πεν-

303 650 571 708 τηκόντορον
611 645 754 704 ἔχων,
818 642 871 695 ιῖίς
910 647 1049 701 φασι,
1110 644 1256 702 ληςῶν
1297 643 1453 704 ἄνδρας
1496 644 1708 712 όίγουσαν.

303 727 380 770 Ἐν
412 725 457 769 δὲ
484 725 552 780 τῷ
581 718 752 781 μεταξὺ
783 718 938 774 Νάξου
980 722 1055 765 καὶ
1084 724 1239 780 Πάρου
1268 727 1463 784 πορθμῷ
1499 728 1575 783 τῆς
1606 727 1711 780 νεὼς

308 803 628 861 ἀνατραπείσης
669 801 742 844 καὶ
782 802 874 843 τῶν
914 796 1073 843 ἄλλων
1114 800 1479 860 διαφθαρέντων,
1546 804 1710 853 ἐκεῖνον

311 882 494 939 λέγουσι
532 878 742 934 δελφῖνος
777 876 1108 937 ὑποδραμόντος
1152 877 1302 936 αὐτῷ,
1352 879 1426 923 καὶ
1469 881 1712 938 ἂνακουφί·

310 960 462 1019 ζοντος
499 957 742 1014 ἐνεχθῆναι
782 959 858 1013 τῆς
898 956 1131 1001 Σικύνθου
1173 958 1402 1014 (Σικήνου
1429 965 1498 1004 vel
1525 961 1712 1005 Σικίνου

313 1041 476 1092 Reisk.)
505 1032 627 1078 κατὰ
657 1033 900 1091 σπήλαιον,
931 1030 958 1077 ὃ
988 1033 1207 1078 δείκνυται
1237 1036 1374 1095 μέχρι
1403 1038 1502 1087 νῦν,
1532 1037 1606 1080 καὶ
1637 1055 1713 1081 κα·

314 1115 460 1158 λεῖται
490 1111 737 1169 Κοιρὰνιον,
805 1110 903 1155 Ἐπὶ
934 1108 1081 1169 τούτῳ
1123 1112 1167 1156 δὲ
1206 1111 1388 1170 λέγεται
1426 1117 1602 1173 ποιῆσαι
1632 1115 1711 1160 τὸν

312 1189 617 1251 Ἀρχίλοχον·
673 1189 943 1249 Πεντήκοντ*
991 1190 1107 1250 ἂνδρ.
1147 1205 1189 1233 κ.
1221 1206 1263 1234 τ.
1294 1191 1340 1234 λ.
1407 1198 1545 1238 Aliter
1589 1199 1713 1251 paul-

312 1274 403 1311 ]um
441 1269 555 1309 hanc
592 1269 776 1307 eandem
813 1267 1036 1309 historiam
1073 1267 1286 1308 Athenae.
1324 1270 1372 1308 L.
1400 1270 1517 1310 XIII.
1554 1286 1596 1324 p.
1622 1272 1711 1311 606.

313 1343 369 1381 D.
397 1342 445 1380 E.
471 1349 639 1384 narrat,
677 1341 752 1391 qui
780 1335 1028 1377 Coeranum
1056 1337 1277 1377 Milesium
1305 1340 1431 1379 facit:
1469 1330 1714 1392 Φύλαρχος

314 1415 422 1473 γοῦν
451 1413 495 1457 ἐν
536 1413 595 1468 τῇ
624 1410 968 1468 δὐοκαιδεκάτη,
1022 1411 1251 1468 Κοίρανος,
1303 1412 1467 1467 φησὶν,
1518 1412 1540 1456 ὁ
1569 1413 1713 1468 Mam-

314 1507 400 1546 σιος
432 1491 534 1535 ἰδὼν
565 1489 718 1537 ἁλιέας
735 1490 803 1545 τῷ
821 1487 984 1545 δικτύῳ
1007 1488 1236 1542 λαβόντας
1258 1489 1471 1545 δελφῖνα,
1502 1491 1575 1533 καὶ
1606 1490 1713 1547 μέλ·

315 1571 479 1622 λοντας
519 1567 844 1615 κατακόπτειν,
890 1567 1096 1627 ἀργύριον
1129 1565 1225 1617 δοὺς
1252 1567 1326 1610 καὶ
1355 1569 1715 1626 παραςησάμενος

314 1649 488 1705 ἀφῆκεν
519 1647 577 1698 εἷς
603 1644 657 1688 τὸ
687 1643 896 1702 πέλαγος.
935 1644 1009 1688 καὶ
1050 1645 1167 1702 μετὰ
1198 1645 1344 1688 ταῦτα
1375 1647 1572 1703 ναυαγίῳ
1603 1663 1715 1704 χρη-

314 1726 496 1783 σάμενος
527 1721 623 1782 περὶ
653 1721 878 1772 Μύκονον,
920 1722 994 1766 καὶ
1024 1722 1202 1766 πάντων
1228 1723 1538 1782 ἀπολομένων,
1581 1727 1711 1781 μόνος

312 1800 397 1847 ὓπό
420 1801 627 1858 δελφῖνος
659 1800 804 1857 ἐσώθη
838 1799 1103 1859 ὁΚοίρανος.
1120 1799 1476 1859 ’τελευτήσαντος
1505 1802 1548 1845 δὲ
1572 1801 1711 1847 αὐτοῦ

311 1880 497 1940 γηραιοῦ
537 1879 579 1924 ἐν
628 1880 687 1935 τῆ
725 1879 924 1937 πατρίδι,
978 1877 1052 1921 καὶ
1097 1880 1174 1934 τῆς
1221 1879 1416 1937 ἐκφορᾶς
1463 1881 1584 1937 παρὰ
1630 1880 1711 1938 τὴν

310 1957 553 2004 θάλατταν
584 1956 816 2014 γενομένης
849 1955 968 2000 κατὰ
995 1951 1144 2014 τύχην
1175 1955 1217 2000 ἐν
1247 1959 1305 2015 τῆ
1323 1959 1531 2020 Μιλήτῳ,
1571 1959 1613 2002 ἐν
1645 1961 1714 2015 τῷ

310 2035 459 2093 λιμένι
489 2032 664 2091 πλῆθος
695 2033 917 2090 δελφίνων
946 2032 1090 2092 ἐφάνη
1122 2034 1164 2078 ἐν
1194 2037 1253 2092 τῆ
1282 2035 1420 2094 ἡμέρᾳ
1451 2037 1612 2094 ἐκείνη,
1645 2055 1711 2094 μι-

310 2114 414 2173 κρὸν
437 2113 648 2171 ἀπωτέρω
677 2113 768 2156 τῶν
791 2111 1202 2171 συνεκκομιζόντων
1231 2111 1309 2156 τὸν
1332 2114 1570 2171 Κοίρανον,
1610 2111 1710 2158 ὡσεὶ

309 2191 672 2249 συνεκφερόντων
703 2190 778 2233 καὶ
818 2190 1180 2246 συγκηδευόντων
1222 2190 1299 2234 τὸν
1339 2186 1589 2248 ἄνθρωπον.
1639 2198 1710 2238 De

310 2267 528 2320 delphinis
568 2277 713 2306 autem
752 2267 952 2307 homines
989 2268 1258 2315 amantibus,
1305 2281 1469 2321 eosque
1506 2283 1555 2309 ex
1581 2271 1710 2311 undis

310 2339 648 2394 exportantibu'S,
678 2350 726 2378 ut
748 2340 802 2378 de
825 2341 1005 2388 Arione,
1034 2340 1287 2379 tralatitium
1311 2350 1386 2379 est.
1443 2342 1557 2382 Hinc
1579 2343 1711 2383 Athe-

305 2429 442 2456 naeus
462 2415 492 2455 1.
518 2430 552 2454 c.
582 2411 1025 2468 φιλανθρωπότατον
1056 2411 1100 2455 δέ
1129 2411 1189 2464 ἐςι
1219 2411 1293 2454 καὶ
1325 2415 1631 2460 συνετώτατον
1656 2416 1708 2461 τὸ

305 2487 421 2545 ζῶον
454 2487 476 2532 ὁ
507 2488 689 2545 δελφὶς,
737 2490 873 2548 χάριν
911 2505 961 2532 τε
1003 2488 1254 2533 ἀποδιδόναι
1295 2490 1566 2548 ἐπιςάμενον.
1643 2498 1707 2537 Cf.

305 2567 576 2620 Antigonum
615 2568 776 2623 Caryst.
819 2582 855 2607 c.
899 2566 973 2605 VI.
1015 2576 1059 2606 et
1092 2565 1154 2606 ibi
1194 2566 1387 2607 adnotat.
1427 2569 1707 2609 Beckmanni.

310 2639 418 2690 Quis
439 2653 541 2680 vero
562 2639 632 2680 hic
653 2641 876 2681 Coeranus
907 2640 1061 2687 fuerit,
1090 2652 1184 2679 non
1217 2651 1399 2680 constat.
1445 2642 1707 2695 Apollodor.

308 2707 356 2745 L.
377 2707 448 2746 III.
475 2722 508 2747 c.
529 2715 567 2756 3.
588 2718 801 2750 memorat
826 2704 1056 2765 Κοίρανον,
1084 2719 1253 2761 patrem
1284 2714 1388 2750 vatis
1417 2712 1604 2767 Polyidi,
1633 2714 1709 2764 qui

313 2778 525 2820 Glaucum
555 2781 690 2822 filium
710 2784 870 2824 Minois
896 2786 1188 2832 resuscitavit,
1227 2798 1356 2838 quem
1376 2784 1572 2825 Eudocia
1589 2784 1704 2824 Viol.
