1846 3308
676 296 1051 338 -129--

300 445 368 457 —
402 447 472 457 —
504 442 571 456 —
605 416 832 465 Insulam
866 430 933 462 ne
966 413 1183 478 pendeat

301 509 507 559 Tantali
540 522 716 556 saxum
750 520 899 566 supra
932 503 1097 551 istam.
1133 528 1201 540 —
1232 529 1302 540 —-
1335 532 1405 542 ...-

245 672 418 715 (Bnmck
439 669 542 701 Anal.
566 669 604 698 Τ.
626 669 655 698 1.
677 677 712 707 p.
731 670 780 703 47.
799 664 844 696 fr.
863 670 911 702 45.
932 665 1054 695 lacobs
1071 667 1149 698 Vol.
1170 667 1198 697 1.
1221 668 1258 696 Ρ.
1280 668 1307 697 1.
1327 677 1362 706 p.
1386 668 1477 708 176.)

269 729 485 774 Plutarch.
523 729 574 769 T.
603 729 677 768 lx.
713 742 756 781 p.
787 734 874 774 203.
919 727 989 766 An
1032 730 1127 766 seni
1160 727 1353 781 gerenda
1388 732 1443 768 sit
1475 743 1566 769 res·

167 811 370 866 publica,
416 807 472 847 de
507 809 706 846 oratione
740 803 920 857 politica
956 802 1166 856 loquens:
1214 800 1412 858 Δέχεται
1453 802 1497 845 δὲ
1540 802 1563 846 ὁ

169 882 399 932 πολιτικὸς
426 879 559 935 λόγος
591 876 814 920 δικανικοῦ
838 874 1019 934 μᾶλλον
1050 877 1124 918 καὶ
1154 878 1464 937 γνωμολογίας
1490 881 1565 924 καὶ

170 963 328 1019 ἱςορὶας
355 957 429 1002 καὶ
455 956 627 1014 μύθους
657 954 731 998 καὶ
762 955 1036 1014 μεταφορὰς,
1077 951 1144 1006 αἷς
1171 954 1341 1011 μάλιςα
1371 958 1564 1003 κινοῦσιν

170 1040 211 1084 οἱ
238 1037 463 1096 χρώμενοι
491 1034 676 1093 μετρίως
706 1031 779 1076 καὶ
808 1034 927 1076 κατὰ
957 1031 1132 1092 καιρὸν,
1164 1032 1218 1086 ὡς
1247 1033 1269 1078 ὁ
1300 1035 1457 1078 εἰπών·
1485 1037 1564 1094 Μὴ

169 1117 379 1173 ποιήσητε
408 1109 756 1172 ἑτερόφθαλμον
794 1110 874 1166 τὴν
904 1108 1130 1154 Ἐλλάδα·
1164 1112 1239 1154 καὶ
1269 1112 1475 1170 Δημάδης
1504 1116 1565 1157 τὰ

171 1195 362 1252 ναυάγια
394 1192 539 1248 λέγων
569 1187 886 1232 πολιτεύεσθαι
914 1190 989 1244 τῆς
1021 1172 1215 1241 πόλὲως·
1256 1188 1330 1233 καὶ
1369 1190 1390 1234 ὁ
1418 1191 1565 1249 ’Δρχί-

171 1273 339 1331 λοχος·
379 1269 492 1325 Mn&
522 1267 544 1311 ὁ
574 1265 816 1310 Ταντάλου
845 1282 888 1309 κ.
909 1283 949 1310 τ.
972 1264 1016 1308 λ.
1059 1270 1168 1310 Item
1203 1269 1428 1311 Scholiast.
1465 1274 1568 1313 Pin·

174 1354 268 1393 dari
296 1353 470 1408 Olymp.
499 1362 540 1388 α.
568 1362 631 1401 97.
665 1348 800 1387 Poeta
836 1346 892 1386 de
930 1347 1039 1386 Paro
1075 1347 1145 1386 vel
1176 1346 1321 1388 Thaso
1346 1348 1473 1401 loqui
1507 1351 1569 1388 vi·

175 1426 318 1472 detur,
348 1435 391 1464 et
416 1425 577 1464 malum
606 1420 830 1476 quoddam
855 1422 1084 1459 imminens
1111 1420 1328 1472 precibus,
1358 1432 1432 1460 aut
1457 1424 1566 1461 votis

176 1497 231 1539 ab
267 1498 470 1538 alterutra
508 1505 700 1536 avertere
734 1493 860 1534 velle.
922 1492 1053 1532 Hunc
1077 1496 1219 1545 ipsum
1244 1494 1391 1534 locum
1410 1496 1570 1534 Pausa-

173 1575 267 1612 nias
303 1574 478 1624 respicit
513 1584 552 1623 p.
579 1575 679 1620 348,
727 1577 769 1606 et
804 1565 917 1606 hanc
956 1565 1012 1605 de
1044 1565 1192 1619 lapide
1226 1580 1356 1620 super
1380 1568 1568 1608 Tantalo

175 1658 383 1697 suspenso
417 1657 608 1697 poenam
644 1640 697 1681 ab
740 1644 837 1693 ipso
879 1640 994 1679 forte
1026 1638 1286 1680 Archilocho
1327 1641 1570 1692 profectam

178 1734 270 1760 esse
306 1725 532 1773 opinatur,
577 1733 674 1758 cum
702 1717 915 1758 Homerus
944 1717 1027 1756 alia
1055 1716 1111 1756 de
1138 1730 1192 1756 eo
1219 1718 1391 1757 referat.
1452 1712 1569 1757 ’Τπὸ

178 1792 324 1848 τούτῳ
354 1792 398 1836 δὲ
425 1794 488 1849 τῷ
509 1793 628 1847 πίθῳ
656 1798 821 1849 (sermo
850 1807 914 1837 est
940 1797 996 1836 de
1022 1796 1166 1851 figuris
1193 1800 1240 1836 in
1268 1797 1415 1837 tabula
1444 1812 1468 1837 a
1487 1799 1572 1838 Po·

178 1874 364 1929 lygnoto
384 1876 526 1927 picta)
566 1869 803 1921 Τάνταλος
832 1868 906 1912 καὶ
935 1866 1062 1912 ἄλλα
1090 1868 1211 1927 ἔχων
1245 1867 1335 1925 ,ἐςὶν
1368 1868 1572 1926 ἀλγεινὰ,

180 1945 320 1990 ὁπόσα
340 1943 537 2007 ’Όμηρος
566 1946 631 1990 ἐπ’
659 1941 787 2004 αὐτῷ
813 1947 1071 2002 πεποίηκεν,
1103 1947 1171 1991 ἐπὶ
1198 1946 1243 1990 δὲ
1272 1941 1422 1998 αὐτοῖς
1451 1948 1573 2005 πρός·

103 2056 109 2063 ,
179 2024 264 2076 εςὶν
305 2024 345 2067 οἱ
374 2023 448 2067 καὶ
487 2023 540 2068 τὸ
581 2025 630 2069 ἐκ
668 2025 748 2070 τοῦ
778 2024 1079 2084 ἐπηρτημένου
1110 2025 1245 2070 λίθου
1275 2025 1418 2082 δεῖμα.
1485 2027 1572 2069 Πο·

179 2097 406 2158 λύγνωτος
436 2102 516 2160 μὲν
546 2102 676 2160 δῆλός
702 2103 786 2156 {clv
807 2102 1173 2160 ἐπακολουθήσας
1200 2104 1268 2159 τῷ
1291 2101 1574 2161 ’Δρχιλόχᾳη

178 2166 454 2238 ’Δρχίλοχος
480 2178 532 2230 δ’,
562 2178 644 2225 οῦκ
676 2176 786 2229 οἶδα,
817 2178 906 2225 εἴτε
937 2179 1153 2238 ἐδιδάχθη
1182 2180 1302 2240 παρὰ
1329 2176 1486 2224 ἄλλων
1515 2179 1575 2224 τὰ

181 2256 221 2308 ἐς
241 2257 318 2300 τὸν
342 2257 499 2308 λίθον,
529 2256 616 2303 εἴτε
638 2257 867 2310 καὶάῦτός
896 2258 953 2309 εἰς
980 2259 1059 2315 τὴν
1078 2260 1249 2315 ποίησιν
1275 2259 1576 2316 εἰσηνέγκατο.

181 2335 251 2375 De
287 2350 430 2388 poena
467 2337 642 2376 Tantali
677 2347 844 2385 autem,
894 2339 984 2376 eius
1023 2350 1150 2376 causa
1189 2347 1232 2376 et
1266 2340 1390 2376 variis
1428 2338 1483 2377 de
1523 2351 1577 2378 eo

183 2408 339 2449 fabulis
384 2421 613 2462 poetarum
650 2410 766 2450 idem
812 2405 1028 2449 scholiast.
1074 2409 1103 2449 l.
1139 2423 1173 2450 c.
1212 2410 1347 2450 fusius
1384 2414 1577 2463 exponit,

183 2494 444 2536 sensumque
490 2482 698 2535 explicat,
757 2496 847 2536 quo
893 2496 918 2522 a
952 2482 1179 2522 nonnullis
1225 2494 1429 2536 acceptae
1466 2492 1579 2522 sunt.

186 2557 362 2596 Homer.
388 2558 472 2598 Od.
494 2553 538 2596 λ.
565 2573 604 2599 v.
624 2565 712 2606 58¹·
742 2563 858 2599 canit
885 2573 984 2599 eum
1012 2562 1059 2599 in
1083 2559 1184 2598 lacu
1210 2569 1410 2607 stantem,
1438 2561 1579 2610 pomIs

185 2630 534 2680 imminenfibus,
579 2637 787 2672 continua
813 2635 882 2672 siti
910 2642 954 2672 et
978 2633 1093 2672 fame
1119 2636 1340 2685 torqueri;
1384 2629 1584 2670 Archilo-

188 2701 292 2742 chus
304 2730 319 2750 ‚
348 2705 502 2743 timore
520 2709 606 2744 saxi
629 2708 669 2744 ei
689 2704 981 2756 impendentis
1011 2715 1056 2744 et
1081 2707 1253 2744 iamiam
1282 2706 1420 2743 casuri
1448 2706 1584 2742 cruci·

190 2779 276 2822 nri;
302 2775 532 2828 Euripides
556 2789 637 2827 per
655 2775 741 2817 hoc
766 2789 914 2816 saxum
938 2777 1077 2816 solem
1103 2776 1321 2830 intelligit,
1358 2776 1432 2815 alii
1460 2789 1586 2816 mon·

1070 2849 1091 2887 1
