1846 3308
728 320 1065 362 —71—

188 438 245 482 ‘rb
279 437 314 480 δ’
341 436 421 481 εἶσὶ
455 437 616 489 πάντες
643 437 684 481 οἱ
705 434 875 493 Θρᾷκες
899 433 1166 479 πολυπόται.
1228 435 1293 479 διὸ
1324 436 1397 480 καὶ
1419 435 1590 480 Kami-

191 530 346 574 μᾶκος
370 513 484 571 ἔφη·

291 593 390 635 ’Καὶ
421 592 506 650 γὰρ
538 590 560 634 ὁ
587 591 796 648 &enini-qv
827 590 907 647 μὲν
936 589 1126 647 ἂπὲςυγε
1152 589 1322 647 χανδὸν
1352 588 1512 649 ἅμυςιν

413 668 697 712 Οἰνοποτεῖν·
735 667 874 725 ὀλίγῳ
906 668 940 711 δ’
970 665 1098 726 ἥδετο
1128 669 1358 724 κισσυβίῳ.

190 749 420 788 Horatius:
448 767 497 776 —
522 746 616 785 Nec
650 746 777 785 multi
805 746 997 786 Damalis
1022 749 1129 785 meri

407 819 584 858 Bassum
601 817 800 858 ThreIcia
827 823 969 859 vincat
993 820 1216 874 amystide.

190 892 379 948 Phryges
406 902 550 932 autem
580 906 605 934 a
630 891 870 932 Thracibus
898 893 1109 932 oriundos
1137 896 1231 946 quis
1260 891 1431 932 dubitet
1466 901 1510 931 et
1542 894 1591 931 in

189 964 276 1005 hoc
299 979 423 1005 more
451 979 473 1004 a
502 968 642 1021 gentis
675 979 779 1004 suae
811 965 1130 1005 consuetudine
1166 979 1259 1005 non
1286 965 1588 1018 degenerasse,

189 1024 369 1090 (Strabo
404 1038 452 1076 L.
472 1039 566 1078 VH.
595 1052 637 1090 p.
656 1042 745 1090 485.
795 1037 1009 1078 Athenae.
1028 1037 1125 1076 XII.
1161 1051 1205 1090 p.
1225 1043 1314 1089 857.
1353 1039 1428 1091 C.)
1464 1052 1590 1091 prae-

188 1114 335 1151 sertim
372 1125 470 1150 cum
506 1111 691 1166 Phrygia
732 1114 829 1152 vini,
870 1114 999 1150 etiam
1033 1111 1152 1150 ferax
1201 1113 1384 1164 eiusque
1421 1111 1591 1151 cultura

188 1189 371 1230 celebris
400 1200 534 1240 esset,
571 1189 692 1230 unde
718 1189 935 1230 Homerus
965 1203 1061 1229 eam
1084 1189 1135 1228 11.
1163 1198 1206 1240 γ.
1231 1192 1316 1240 184.
1345 1183 1589 1240 ἀμπελόεσ-

187 1277 271 1307 σαν
298 1279 438 1308 vocat.

278 1343 535 1406 Ἔβρυζε.
596 1349 667 1390 Ad
690 1348 775 1389 hoc
804 1347 983 1388 verbum
1011 1350 1146 1390 refert
1174 1350 1355 1402 Soping.
1383 1348 1591 1403 Hesychii

187 1431 374 1494 glossam
411 1422 648 1481 ἐβρύαζεν,
677 1416 928 1479 ηὗωχεῖτο,
966 1426 1075 1478 (vid.
1109 1436 1202 1466 not.
1230 1428 1483 1479 interpret.)
1521 1430 1590 1467 cui

188 1511 419 1549 assentitur
448 1507 564 1546 doct.
596 1505 762 1545 Iacobs.
791 1505 928 1544 Addit
956 1504 1032 1545 ille
1062 1513 1230 1543 tamen:
1274 1506 1360 1543 nisi
1386 1497 1590 1558 ἔβραψεν

185 1586 334 1634 malis,
372 1584 496 1637 quod
514 1584 630 1623 idem
650 1581 837 1636 Hesych.
859 1585 1169 1634 interpretatur
1195 1574 1418 1634 ἔκρυψεν,
1457 1575 1590 1627 ἔπιεν,

187 1658 461 1713 κατέφαγεν.
509 1659 760 1700 Secundum
779 1673 923 1699 meam
942 1662 1204 1699 sententiam
1229 1651 1355 1711 βρὺιυ
1376 1670 1419 1700 et
1434 1651 1589 1714 βρύζω

186 1739 307 1779 idem
323 1738 503 1778 verbum
526 1746 613 1784 est,
644 1736 726 1775 alia
746 1746 914 1775 tantum
936 1737 1103 1784 Forma,
1131 1746 1181 1775 ut
1204 1730 1362 1783 βλὺω,
1400 1731 1589 1791 ,Eligam

185 1807 311 1866 βύω,
337 1809 489 1868 βὺζω;
518 1808 641 1868 μύω,
672 1809 821 1869 μύ<ω;
852 1804 1015 1865 φλὺω,
1050 1806 1240 1869 φλὺζω,
1270 1824 1314 1854 et
1333 1814 1440 1862 alia,
1474 1824 1518 1853 et
1538 1828 1591 1854 ea

187 1884 504 1945 significatione
537 1886 606 1926 hic
634 1886 899 1935 adhibitum,
946 1901 1035 1940 qua
1071 1887 1255 1939 plenum
1288 1901 1403 1935 esse,
1451 1886 1591 1926 abun-

185 1963 295 2003 dare
321 1962 524 2001 denotat:
552 1959 807 2012 ubicunque
828 1958 1034 1998 videlicet
1054 1959 1197 2000 Thrax
1217 1972 1291 2000 aut
1308 1959 1448 2014 Phryx
1471 1973 1591 2000 cere-

184 2038 316 2076 visiae
332 2044 444 2086 potu
459 2034 615 2086 plenus
636 2043 749 2081 erat,
772 2031 999 2080 madebat,
1025 2033 1096 2072 vel
1113 2047 1160 2073 se
1178 2032 1499 2088 ingurgitabat,
1526 2032 1591 2073 ibi

183 2111 263 2151 illa
281 2110 445 2150 femina
462 2110 766 2162 oequiniscens
788 2109 948 2147 versari
971 2105 1154 2146 solebat.
1227 2105 1436 2147 Sed-curn
1459 2105 1587 2164 βρύα)

184 2183 272 2224 hoc
317 2196 447 2223 sensu
492 2184 729 2235 genitivum
771 2180 843 2220 vel
889 2179 1080 2218 dativum
1128 2177 1362 2229 adsciscat,
1406 2182 1585 2223 Homer.

183 2262 235 2302 11.
262 2272 299 2314 ρ.
326 2260 390 2305 56.
416 2257 615 2312 Aeschyl.
639 2257 894 2310 Agamemn.
917 2268 956 2294 v.
973 2248 1284 2306 117.'Choeph.
1295 2255 1359 2307 67.
1380 2257 1586 2310 Sopho'cl.

188 2339 301 2379 Oed.
329 2338 424 2378 Col.
451 2350 491 2377 v.
516 2340 585 2383 15,
616 2335 675 2375 16.
705 2344 749 2373 et
775 2333 904 2381 alias,
932 2331 1171 2387 legendum
1198 2342 1312 2373 esset
1335 2329 1490 2387 βρύτῳ
1517 2336 1587 2376 vel

187 2411 357 2470 βρὺτου
387 2408 586 2467 ἔβρυζεν.
650 2412 763 2451 Nam
791 2425 889 2450 cum
917 2411 1163 2451 accusativo
1190 2409 1372 2451 verbum
1400 2415 1586 2453 transiti-

187 2503 289 2528 vum
314 2498 402 2536 est,
447 2497 491 2527 et
524 2485 708 2534 florere,
755 2493 946 2531 scatere,
993 2496 1171 2522 manare
1207 2483 1322 2524 facio
1358 2484 1582 2539 significat.

187 2566 420 2605 Anacreon
470 2562 570 2602 Ode
595 2566 674 2614 '27.
717 2556 899 2615 Χάριτες
950 2554 1055 2614 ῥόδα
1100 2554 1303 2613 βρύουσι.
1365 2560 1583 2598 Himerius

188 2639 322 2693 Soph.
350 2639 469 2678 Orat.
487 2640 521 2679 1.
557 2642 594 2691 §.
618 2652 678 2692 ¹9·
710 2626 852 2694 ἶ,Ωροιι
881 2632 925 2676 δὲ
953 2631 1174 2690 λειμῶνας
1200 2630 1425 2691 βρύουσιν.
1460 2634 1582 2674 Paul.

188 2717 340 2758 Silent.
368 2711 512 2763 εἷςτὰ
541 2712 584 2755 ἐν
613 2713 706 2763 τοῖς
734 2698 919 2763 111531'015
948 2709 1096 2767 ,θερμά
1124 2729 1161 2755 v.
1190 2719 1275 2765 104.
1306 2707 1479 2765 Ἄλλην
1511 2705 1581 2749 λέ-

190 2805 317 2847 γουσι
345 2788 505 2848 κρήνην
534 2789 693 2847 Βραχί)
724 2785 949 2847 βρύουσαν
978 2785 1106 2846 ὕδωρ.
1164 2791 1219 2830 Et
1243 2792 1291 2828 in
1314 2791 1442 2829 sacris
1468 2787 1583 2827 litte-
