1846 3308
763 280 830 289 —
899 272 957 301 ῐ”Ῑ
1025 280 1092 289 ι-

244 406 415 468 patae
462 403 830 466 supererant,
889 409 980 444 eas
1029 389 1391 465 alphabetico
1440 393 1641 447 ordine

245 491 519 565 disposui,
555 502 627 542 ut
650 501 709 542 et
732 489 810 542 sic
833 495 1022 563 χρῆσις
1044 488 1414 545 Archilochia
1443 490 1640 564 digno-

248 592 326 644 sci
358 601 569 664 posset.
652 587 782 641 Scio
819 586 1113 659 equidem,
1162 587 1313 655 fore,
1354 591 1454 661 qui
1486 589 1643 645 hunc

252 687 516 742 ordinem
548 685 791 740 fortasse
831 687 1164 759 vituperent
1202 699 1259 740 et
1296 685 1516 755 dicant,
1570 689 1648 742 sic

252 806 450 842 versus
473 806 555 839 ex.
583 804 661 857 gr.
687 782 756 837 ad
779 783 1072 837 trimetros
1097 783 1297 838 referri
1326 803 1513 859 posse,
1546 787 1646 858 qui

255 888 427 940 etiam
450 887 512 937 in
548 884 658 937 alio
701 900 925 954 genere,
975 895 1044 936 ut
1079 884 1140 936 in
1177 882 1405 957 epodis,
1452 884 1648 938 locum

255 983 468 1039 habere
495 983 827 1057 potuerint,
864 982 1080 1055 quippe
1108 981 1520 1036 Archilochum
1554 1002 1650 1036 va-

256 1083 341 1135 ria
405 1094 726 1135 metrorum
801 1081 1210 1134 coniunctione
1278 1100 1450 1134 usum
1516 1099 1650 1134 esse.

258 1179 468 1236 Audio.
552 1177 664 1234 Sed
697 1198 828 1231 cum
861 1176 1061 1231 eadem
1098 1180 1268 1233 metri
1295 1181 1442 1233 ratio
1474 1181 1653 1232 mani-

262 1277 413 1332 festo
482 1291 681 1332 tamen
735 1277 932 1350 potius
979 1276 1118 1332 huic
1180 1277 1369 1331 ordini
1418 1275 1656 1343 faveret,

264 1397 441 1450 quam
474 1376 595 1444 alii,
640 1393 728 1428 res
760 1373 905 1427 mihi
938 1377 1088 1429 tanti
1121 1377 1241 1429 visa
1274 1395 1394 1429 non
1427 1389 1539 1444 est,
1589 1389 1660 1430 ut

264 1475 396 1529 ideo
423 1474 772 1530 mutandum
797 1485 899 1526 aut
922 1473 1279 1529 turbandum
1306 1473 1519 1547 aliquid
1542 1494 1661 1529 esse

265 1572 550 1628 ducerem.

366 1663 373 1669 θ’
417 1673 523 1726 His
557 1673 640 1725 ita
680 1669 998 1744 dispositis,
1049 1690 1202 1725 meas
1240 1671 1660 1738 adnotationeS,

268 1783 332 1824 et
349 1771 611 1824 virorum
635 1768 959 1835 doctorum,
981 1788 1232 1840 quorum
1257 1789 1434 1844 opera
1455 1771 1668 1844 passim

269 1871 334 1921 in
383 1866 753 1922 emendandis
799 1866 893 1920 vel
935 1867 1284 1924 illustrandis
1333 1868 1667 1941 fragmentis

274 1966 606 2023 Archilochi
663 1978 890 2020 versata
944 1978 1056 2033 est,
1123 1967 1217 2021 vel
1263 1969 1511 2040 integras
1558 1965 1668 2032 vel,

273 2080 456 2141 prout
487 2066 871 2119 necessarium
897 2064 1218 2132 videbatur,
1253 2067 1315 2118 in
1337 2085 1460 2118 rem
1481 2083 1670 2117 meam

278 2183 608 2231 conversas,
687 2183 810 2215 non
869 2176 1064 2216 tamen
1133 2164 1381 2217 auctoris
1433 2162 1670 2215 nomine

275 2264 622 2337 praeteritO,
669 2258 861 2312 adieci.
947 2261 1271 2334 Principem
1304 2279 1443 2313 vero
1480 2259 1676 2311 locum

278 2362 342 2413 in
363 2360 478 2414 hoc
502 2357 864 2414 eruditorum
889 2372 1077 2425 coetu,
1110 2360 1209 2430 qui
1233 2357 1303 2411 de
1324 2355 1673 2413 Archilocho

279 2458 430 2512 bene
462 2457 655 2511 meriti
694 2469 855 2523 sunt,
893 2454 1055 2510 facile
1091 2456 1316 2511 doctiss.
1353 2453 1553 2510 Iacobs
1586 2473 1676 2507 oc-

285 2570 463 2632 cupat
496 2553 1088 2610 animadversionibus
1139 2557 1250 2609 suis
1299 2556 1362 2607 in
1393 2552 1678 2609 Antholo-

286 2657 465 2728 giam,
533 2656 788 2728 quinon
830 2652 1007 2706 modo
1046 2653 1215 2707 solito
1266 2672 1370 2708 suo
1418 2652 1682 2706 acumine

288 2755 519 2826 acrique
542 2752 755 2808 iudicio
781 2754 1000 2827 primus
1024 2753 1084 2804 in
1113 2751 1199 2805 his
1222 2750 1406 2804 multa
1438 2749 1587 2805 vidit
1625 2760 1685 2801 et
