1846 3308
162 450 299 492 videri
323 451 481 503 possit,
523 451 625 503 quia
649 451 786 501 priori
810 461 937 488 versu
961 450 1047 506 iam
1076 448 1202 497 dixit,
1240 449 1389 490 Iovem
1417 453 1558 504 impe-

163 531 276 568 rium
293 528 406 568 coeli
423 540 635 573 exercere,
654 516 828 578 utrique
842 525 1025 565 lectioni
1045 516 1317 577 ὑπουρανίων
1337 536 1556 578 praestaro

165 615 315 646 censet
342 619 439 645 cum
466 600 709 658 ἀνθρώπων
733 602 1019 657 iungendum.
1071 602 1235 643 Forsan
1262 616 1311 642 ex
1331 604 1558 644 Clemente

166 694 211 724 et
235 683 425 724 Eusebio
459 682 645 722 faciliori
680 685 952 722 correctione
986 681 1075 735 legi
1099 683 1257 732 possit:
1302 672 1372 716 Σὺ
1404 674 1438 717 δ’
1469 674 1560 734 ἔργ’

166 757 232 801 ἐπ’
272 753 457 816 οὐρανοῦ
499 754 574 798 καὶ
615 753 861 811 ἀνθρώπων
898 755 1011 813 ὁρᾷς.
1070 759 1141 798 Tu
1176 771 1312 810 opera
1343 761 1392 797 in
1429 759 1557 798 coelo

168 839 297 875 etiam
331 834 557 874 hominum
590 832 724 873 vides.
795 833 951 873 Similis
987 834 1202 873 sententia
1228 839 1292 872 est
1321 830 1399 870 illa
1423 831 1559 884 Apol-

164 907 276 949 lonii
299 908 348 946 L.
365 906 419 946 Π.
445 919 484 946 v.
499 900 620 958 1179.
940 892 946 894 ¹

271 989 377 1041 Ζεὺς
406 985 540 1041 αὐτὸς
568 988 629 1032 τὰ
657 988 774 1044 ἔπαις’
805 989 1099 1048 ἐπιδέρκεται,
1137 985 1236 1033 οῦδὲ
1264 1002 1339 1045 μιν
1370 978 1518 1044 ἄνδρες

274 1067 484 1127 Δὴθομεν
513 1066 698 1124 ἔμπεδον
728 1066 773 1111 οἷ’
796 1084 847 1112 τε
875 1067 1074 1120 θεουδέες
1103 1066 1177 1124 ᾗδὲ
1204 1066 1376 1110 δίκαιοι.

164 1149 279 1190 Hinc
306 1153 435 1190 etiam
462 1144 566 1198 Ζεὺς
593 1145 818 1202 πανόπτης
847 1151 984 1191 dictus
1010 1136 1208 1203 Aeschlyl.
1234 1151 1360 1190 Eum.
1388 1151 1499 1200 1043.

263 1237 437 1296 ε099ῗῶ
487 1244 662 1285 Brunck
686 1240 772 1300 ῥεῖς
799 1260 850 1285 ex
874 1245 1032 1286 Euseb.
1060 1244 1184 1298 quod
1217 1243 1415 1284 defendit
1442 1242 1560 1282 doct.

164 1315 318 1356 Iacobs
352 1330 395 1368 p.
428 1316 512 1358 162.
549 1317 580 1356 l.
617 1332 652 1356 c.
696 1317 1012 1373 significatione
1048 1321 1268 1358 transitiva
1303 1314 1558 1362 adhibitum,

164 1390 301 1444 idque
327 1392 585 1438 sententiae,
627 1403 757 1444 quam
782 1391 905 1431 locus
930 1391 1137 1445 postulat,
1175 1393 1306 1430 unice
1329 1390 1563 1428 convenire

165 1477 304 1517 putat.
355 1468 482 1516 „Pro
511 1462 627 1522 ὁρᾷς,
658 1471 817 1522 inquit,
845 1468 1097 1524 Sylburgius
1126 1470 1304 1508 coniicit
1329 1459 1440 1517 δρῆς,
1470 1469 1499 1508 ia
1523 1480 1562 1510 e.

165 1539 312 1599 ῥέζεις.
385 1545 548 1595 Iupiter
591 1549 794 1585 nimirum
839 1546 904 1587 his
940 1546 1080 1587 verbis
1117 1548 1313 1585 omnium
1346 1546 1562 1586 malorum

165 1618 266 1659 fons
302 1628 346 1658 et
371 1630 523 1660 auctor
547 1618 813 1672 perhibetur.
880 1619 1027 1671 Quare
1055 1619 1256 1660 Clemens
1285 1631 1359 1658 eos
1388 1633 1563 1671 compa·

167 1706 235 1737 rat
261 1711 358 1737 cum
385 1696 448 1738 his
473 1697 661 1751 Orphei:
700 1690 843 1744 Δῦτὸς
878 1691 912 1734 δ’
954 1687 1006 1743 ἐξ
1047 1692 1239 1749 ἀγαθοῖο
1279 1691 1418 1735 κακὸν
1458 1695 1564 1747 ,θνη-

167 1771 283 1814 τοῖσι
315 1770 524 1826 φυτεύει,
570 1770 659 1813 Καὶ
698 1770 896 1828 πόλεμον
938 1771 1152 1828 κρυόεντα
1192 1766 1266 1812 καὶ
1305 1765 1451 1826 ἄλγεα
1493 1770 1565 1811 δα·

168 1849 397 1908 κρυόεντα·
434 1855 549 1895 Hinc
568 1865 763 1908 apparet,
791 1850 893 1906 ὁρᾷς
916 1857 985 1894 vix
1007 1853 1155 1893 locum
1181 1851 1357 1899 habere,
1384 1865 1469 1893 nec
1497 1866 1563 1900 ea,

170 1940 284 1980 quae
303 1927 420 1979 apud
435 1927 671 1967 stobaeum
692 1938 833 1968 assuta
849 1928 1067 1981 leguntur.
1119 1926 1223 1964 Duo
1244 1924 1345 1964 loca
1368 1924 1563 1963 diversae

170 2003 412 2039 sententiae
450 2001 631 2040 consusa
665 2011 766 2039 sunt
797 2000 867 2039 vel
902 1999 955 2038 ab
991 2002 1087 2051 ipso
1122 1997 1313 2037 Stobaeo
1350 1997 1418 2036 vel
1452 2011 1476 2036 a
1511 1997 1565 2036 li·

169 2071 345 2120 brariis,
380 2077 428 2112 in
456 2087 641 2127 quorum
670 2073 805 2112 altero
834 2073 890 2112 de
915 2073 1018 2111 Iove
1044 2071 1257 2110 malorum
1283 2072 1398 2108 inter
1423 2068 1565 2108 homi-

170 2159 249 2186 nes
278 2156 469 2194 auctore,
497 2150 546 2186 in
573 2147 709 2185 altero
738 2146 793 2185 de
821 2145 978 2185 eodem
1003 2143 1117 2186 male
1145 2142 1198 2182 ab
1226 2132 1473 2182 hominibus
1500 2143 1565 2181 fa-

172 2229 340 2259 ctorum
364 2218 537 2259 vindice
566 2217 786 2272 agebatur.
851 2219 1125 2264 Sententiae,
1164 2230 1294 2269 quam
1320 2215 1562 2271 secundum

173 2291 441 2332 Clementem
467 2290 750 2331 Archilochus
777 2292 1070 2343 pronunciare
1095 2289 1257 2337 voluit,
1300 2290 1431 2327 unice
1460 2301 1567 2327 con-

172 2373 291 2409 venit
325 2364 391 2409 ἐπ’
420 2364 680 2424 ἀνθρώπους
706 2364 814 2423 ῥεῖς,
853 2371 883 2407 i.
912 2381 950 2407 e.
989 2365 1191 2406 effundis.
1260 2365 1387 2405 Hanc
1419 2378 1566 2404 veram

176 2457 267 2483 esse
291 2443 527 2484 lectionem
560 2457 645 2483 nec
670 2441 892 2483 Barthium
916 2441 1030 2495 fugit
1063 2442 1111 2479 in
1136 2441 1251 2478 notis
1280 2438 1337 2477 ad
1364 2438 1564 2477 Claudia-

175 2528 279 2555 num
303 2516 382 2568 Ep.
407 2516 440 2556 1.
469 2517 526 2556 ad
545 2516 723 2556 Adrian.
747 2528 806 2554 ιο.
833 2528 876 2567 p.
900 2518 1015 2566 951.,
1045 2515 1166 2552 cuius
1187 2522 1334 2551 tamen
1355 2514 1570 2562 interpre-

177 2594 387 2631 tationem
411 2606 505 2633 non
530 2593 687 2646 probo.
730 2593 1020 2631 Transitivum
1044 2589 1162 2629 verbi
1192 2584 1274 2643 ῥὲω
1301 2602 1426 2627 usum
1452 2586 1567 2625 bene

177 2663 380 2703 stabilivit
413 2667 628 2719 Musgrav.
666 2665 723 2704 ad
755 2664 901 2716 Eurip.
938 2662 1107 2702 Hecub.
1128 2668 1217 2708 523.
1256 2671 1298 2700 et
1333 2658 1569 2698 Ruhnken.

177 2740 226 2775 in
251 2737 433 2788 Epistol.
462 2738 564 2776 Crit.
585 2738 637 2777 ΙΙ.
665 2752 707 2791 p.
733 2738 863 2788 264.“
915 2737 992 2775 His
1021 2736 1229 2786 deinceps
1257 2737 1349 2784 ipse
1379 2731 1574 2783 exempla

180 2814 395 2867 quaedam
424 2813 571 2853 adiicit
590 2813 717 2853 huius
743 2816 988 2853 transit1vae
1016 2810 1340 2866 significationis
1366 2802 1447 2847 τοῦ
1478 2802 1577 2862 ῥὲω,
