1846 3308
403 420 457 460 V.
484 423 570 471 34
593 440 715 450 —·-
745 413 906 457 ἄλλά
934 429 991 458 σε

403 499 590 555 Γαςὴρ
626 498 751 542 νόον
789 513 848 542 τε
889 497 982 542 καὶ
1019 496 1229 555 φρένας
1264 496 1599 557 παρήγαγεν

405 585 484 636 Ἐς
525 581 820 639 Ἀναιδίην.
847 606 899 617 -
928 606 985 617 —

291 671 409 716 Νόον
427 688 476 715 τε
494 690 574 728 pro
597 671 697 715 νοῦν
716 688 766 715 τε
783 687 826 716 et
842 671 1035 728 ἂναιδίην
1050 689 1131 728 pro
1148 669 1364 727 ἀναιδείην
1387 674 1683 717 aeasaubono

295 757 589 806 emendatum,
609 765 748 795 metro
771 757 832 794 sic
851 755 1114 808 postulante.
1149 755 1219 794 De
1239 757 1330 795 vitii
1351 753 1477 795 huius
1500 758 1685 808 turpitu-

294 832 397 871 dine
414 832 562 884 Eurip.
590 833 711 873 Med.
730 837 819 885 471.

404 913 534 958 Ἀλλ’
562 915 586 973 ἣ
617 917 773 975 μεγίςη
803 917 893 960 τῶν
925 914 967 960 ἐν
997 916 1244 975 ἀνθρώποις
1270 917 1410 960 νόσων

401 1001 567 1044 Πασῶν
607 1000 883 1045 ἀναίδεια.

290 1090 344 1129 Et
364 1088 561 1143 Iphigen.
581 1094 628 1130 in
648 1090 745 1130 Aul.
773 1103 812 1130 v,
838 1096 928 1138 581.

398 1170 528 1228 Ἀνὴρ
558 1171 644 1229 ’γὰρ
674 1171 857 1229 αἰσχρὸς
883 1171 1067 1215 albeta&
1095 1164 1146 1214 οὗ
1176 1168 1318 1227 φιλεῖ.

289 1259 344 1298 Et
370 1258 558 1299 Achilles
582 1261 631 1300 ΙΙ.
649 1272 690 1298 α.
717 1274 755 1299 V.
781 1264 864 1313 ¹49·
900 1263 1015 1300 inter
1045 1258 1223 1311 reliqua¹
1242 1259 1438 1298 convicia
1462 1256 1687 1297 acerbiora

290 1338 579 1392 Agamemoni
604 1340 776 1381 obiicit:

391 1419 465 1465 ἘΩ
495 1439 571 1481 μοι
603 1423 818 1480 ἀναιδείην
851 1422 1076 1482 ἐπιειμένε.

368 1512 445 1555 Σὲ
474 1533 523 1541 -
552 1513 677 1556 νόον
707 1529 765 1558 τε
792 1507 887 1557 καὶ
917 1513 1134 1571 φρένας.
1184 1519 1341 1559 Graeci
1361 1531 1561 1564 nonraro
1580 1523 1685 1564 duos

288 1602 470 1642 'eosdem
495 1616 615 1642 casus
648 1605 695 1643 in
722 1602 876 1643 eadem
908 1606 1123 1644 sententia
1153 1607 1449 1658 coniungunt,
1497 1620 1686 1659 quorum

290 1699 403 1726 unus
431 1686 688 1739 plerumque
727 1684 781 1724 ab
811 1686 952 1738 ellipsi
985 1689 1319 1738 praepositionis
1345 1687 1524 1740 pendet.
1553 1689 1684 1730 Hom.

292 1770 342 1810 11.
366 1764 401 1807 δ.
439 1782 475 1808 v.
506 1772 569 1820 24.
602 1761 720 1821 ’Ἡρη
752 1762 786 1805 δ’
816 1756 899 1806 οὒκ
929 1760 1066 1819 ἔχαδε
1093 1763 1224 1818 ςῆθος
1250 1763 1411 1820 χόλον.
1440 1773 1468 1809 i.
1498 1785 1535 1810 e.
1565 1766 1687 1809 κατὰ

292 1847 437 1903 939⁰<-
492 1861 535 1891 et
550 1852 639 1902 461.
677 1844 754 1888 τὸν
785 1844 829 1888 δὲ
857 1846 1013 1896 σκότος
1042 1841 1134 1888 ὅσσ’
1163 1844 1411 1902 ἐκάλυψεν.
1454 1852 1608 1907 odyss.
1645 1862 1685 1892 σ.

288 1942 377 1986 390.
401 1920 461 1971 *H
484 1927 539 1988 ῥά
563 1943 610 1975 σε
631 1923 742 1976 οἶνος
764 1926 860 1984 ἔχει
881 1926 1055 1984 φρένας.
1103 1933 1276 1972 Hesiod.
1295 1933 1526 1988 Theogon.
1554 1928 1684 1974 δάκεν

290 2011 324 2054 δ’
347 2008 435 2069 ἄρα
455 2009 602 2070 θυμὸν
620 2011 717 2068 Ζῆν’
732 2007 1053 2070 ὑψιβρεμέτην.
1081 2015 1275 2071 Aeschyl.
1297 2017 1447 2074 Agam.
1462 2023 1546 2065 181.
1569 2014 1685 2069 Ζῆνα

290 2101 335 2143 δέ
374 2117 438 2152 τις
475 2099 735 2159 προφρόνως
760 2098 982 2143 Ἐπινίκια
1010 2099 1206 2157 κλάζων.
1257 2104 1328 2142 Sic
1355 2114 1398 2143 et
1425 2105 1534 2144 duos
1563 2109 1685 2160 geni-

288 2192 392 2228 tivos
430 2197 473 2227 et
509 2188 674 2226 dativos
712 2190 977 2227 consociant.
998 2188 1145 2240 Eurip.
1178 2187 1388 2227 Androm.
1412 2189 1501 2234 562.
1537 2186 1613 2240 τῆς
1640 2185 1685 2228 δὲ

287 2267 362 2322 σῆς
380 2264 539 2320 φρενὸς
557 2261 639 2304 ’Ἑν
670 2278 748 2306 σου
778 2262 962 2307 δέδοικα.
990 2268 1040 2307 11.
1068 2279 1109 2305 α.
1138 2256 1200 2319 24.
1227 2261 1355 2305 Ἀλλ’
1386 2257 1469 2307 οὒκ
1489 2264 1684 2324 Ἀτρείδη

287 2347 586 2405 Ἀγαμέμνονι
617 2344 772 2404 ἥνδανε
799 2347 941 2404 θυμῷ.
993 2351 1193 2406 Theogn,
1230 2365 1268 2391 v.
1303 2365 1364 2404 19.
1408 2373 1459 2382 —-
1504 2347 1685 2407 σοφιζο-

291 2430 408 2488 μένῳ
448 2428 527 2484 μὲν
568 2426 662 2485 ἐμοὶ
703 2427 892 2487 σφρηγὶς
930 2428 1165 2473 {wangiam
1195 2428 1334 2480 Τοῖςδ’
1359 2427 1492 2473 ἔπεσι.
1553 2435 1686 2476 Unde

287 2515 409 2554 locus
437 2511 511 2551 ille
539 2486 731 2563 Alciphrss
759 2512 806 2551 L.
825 2511 858 2550 Ι.
883 2511 960 2563 Ep.
983 2526 1042 2551 10.
1072 2512 1379 2551 emendatione
1397 2526 1491 2552 non
1513 2513 1685 2553 videtur

289 2611 444 2652 egere,
491 2595 626 2634 modo
655 2582 763 2636 οὒκ,
811 2594 934 2646 quod
953 2595 1120 2643 excidit,
1144 2598 1370 2635 inseratur.
1423 2590 1511 2633 Καὶ
1550 2590 1684 2642 τοὺς

287 2674 544 2723 κλάδους
593 2670 745 2722 ἁπλῶς
787 2671 808 2715 ὁ
850 2671 989 2724 πόθος
1025 2674 1163 2732 κόμης
1203 2669 1345 2730 ὑμᾶς
1385 2671 1459 2717 καὶ
1490 2671 1683 2730 ἀγλαΐας

286 2754 432 2814 (οὐκ)
472 2757 652 2815 ἓψίλου.
679 2762 843 2803 scilicet
867 2757 986 2801 κατὰ
1016 2756 1115 2812 τοὺς
1157 2755 1362 2809 κλάδους.
