1846 3308
692 288 1067 331 ...191-

182 402 303 462 μάει,
338 404 524 464 τέθηλε,
564 403 748 463 λάμπει.
776 410 902 450 strat.
930 408 1057 449 Anal.
1084 407 1135 447 T.
1159 407 1212 447 H.
1238 422 1283 460 p.
1305 407 1394 455 368.
1424 420 1493 460 ep.
1509 414 1574 461 37.

173 477 358 540 Ἕξοχα
388 483 422 526 δ’
452 482 496 526 ἐν
526 480 703 534 τούτοις
728 480 973 536 Μιλήσιος,
1012 478 1150 536 ἢνίδε,
1187 479 1370 524 θάλλει.
1424 489 1575 528 Horat,

181 559 239 599 ad
274 560 420 599 Pison.
456 574 495 600 v.
523 559 586 600 62.
629 559 684 599 Et
726 561 934 598 iuvenum
977 560 1063 598 ritu
1101 556 1264 598 florent
1300 560 1436 599 modo
1474 571 1577 601 nata

179 642 433 693 vigentque.
494 638 610 677 Hinc
633 627 824 688 ,θαλερὸς
852 624 1081 688 epitheton
1106 637 1338 684 iuvenum,
1390 633 1576 693 θαλεροὶ

182 710 347 770 αἰζηοὶ,
384 708 576 768 θαλερὸς
603 708 895 767 παρακοίτης,
937 714 988 754 11.
1014 711 1062 752 ,9.
1093 714 1177 760 156.
1207 725 1250 753 et
1274 707 1419 760 θάλος
1445 726 1575 766 saepe

181 794 239 834 de
256 792 591 834 adolescentulis
612 802 655 831 et
672 791 830 844 puellis
850 792 1014 831 dictum
1029 795 1239 832 invenias.
1277 793 1348 831 Sic
1360 791 1512 846 Odyss.
1532 786 1571 845 ζ

178 884 218 910 v.
251 871 341 923 157.'
363 870 419 909 de
444 869 682 910 Nausicaa:
716 867 1003 909 Λευσσόντων
1040 864 1208 909 τοιόνδε
1246 863 1390 916 θάλος
1433 863 1576 922 χορὸν

178 943 478 1001 ἐσοιχνεῦσαν.
538 947 766 1001 Meleager
805 951 938 1002 epigr.
973 961 1057 1000 109.
1101 948 1156 987 de
1192 947 1457 987 Heliodora:
1503 939 1573 991 Δῖ,

179 1018 251 1069 αἲ,
292 1021 378 1065 ποῦ
408 1021 462 1064 τὸ
492 1019 699 1065 ποθεινὸν
727 1019 832 1078 ἐμὸν
872 1019 1029 1075 θάλος.
1068 1037 1112 1066 et
1147 1030 1282 1081 epigr.
1307 1031 1370 1072 88.
1403 1016 1573 1070 Εὕδεις,

178 1097 438 1156 Ζηνοφίλη,
494 1097 717 1157 τρυφερὸν
761 1096 918 1151 θάλος.
983 1106 1055 1144 Sic
1090 1115 1133 1144 et
1169 1099 1320 1143 ἀνθεῖν
1359 1113 1402 1142 et
1437 1094 1574 1149 ἄνθος

179 1175 424 1217 adhibetur.
452 1176 632 1216 Hesiod.
658 1174 827 1231 Theog.
853 1190 893 1216 v.
918 1183 1006 1230 983.
1025 1176 1223 1233 Aeschyl.
1245 1176 1394 1230 Suppl.
1421 1189 1458 1216 v.
1482 1176 1572 1228 677.

176 1249 292 1290 Vide
318 1250 461 1290 Klotz.
489 1250 546 1289 ad
570 1250 805 1305 Tyrtaeum
830 1264 872 1303 p.
893 1251 956 1297 68.

276 1320 597 1380 Κάρφεται.
639 1332 746 1368 cutis
781 1328 860 1368 tibi
892 1332 978 1369 iam
1007 1330 1234 1376 exarescit,
1282 1336 1324 1367 et
1348 1329 1473 1380 vigor
1496 1326 1573 1367 ille

177 1407 412 1445 iuventutis
439 1407 598 1444 sensim
623 1407 749 1456 perit.
778 1405 931 1459 Odyss.
962 1418 999 1445 υ.
1026 1421 1065 1447 v.
1084 1413 1173 1459 398.
1200 1400 1414 1456 Κάρψω
1470 1401 1571 1455 μὲν

176 1478 324 1535 χρόα
362 1475 503 1520 καλὸν
537 1476 596 1521 ἑνὶ
635 1480 905 1536 γναμπτοῖσι
942 1479 1139 1536 μέλεσσι.
1199 1482 1344 1523 Schol.
1379 1477 1570 1535 μειὼσω,

175 1549 367 1614 ξηρανῶ.
402 1559 601 1615 Aeschyl.
618 1562 770 1616 Agam.
797 1575 836 1602 v.
857 1574 919 1615 79.
944 1563 998 1602 de
1024 1571 1269 1602 senectute:
1299 1556 1353 1615 ‘ros
1375 1557 1421 1599 θ’
1446 1552 1570 1612 ὑπὲρ·

177 1648 347 1690 γηρων,
386 1632 622 1687 φυλλάδος
652 1630 732 1690 ἤδη
760 1634 1326 1692 Κατακαρφομὲνης,
1364 1634 1572 1692 τρίποδας

176 1710 255 1768 μὲν
286 1709 411 1762 ὁδοὺς
439 1711 642 1773 Στείχξι.
695 1717 899 1757 Ceterum
924 1718 1024 1758 vide
1050 1718 1165 1757 doct.
1192 1717 1340 1756 Iacobs
1367 1717 1462 1762 1.,ε.
1492 1719 1569 1770 qui

178 1791 307 1827 etiam
333 1788 492 1828 similes
521 1799 742 1829 auctorum
767 1790 890 1830 locos
918 1800 1152 1843 comparat.

276 1861 553 1900 Hermannus
598 1862 654 1902 de
694 1863 846 1903 Mettis
888 1864 1095 1903 Graecor.
1131 1876 1173 1915 p.
1200 1866 1265 1913 42.
1302 1859 1566 1901 Archilocho

176 1935 305 1972 etiarn
332 1943 587 1986 sequentem
615 1948 784 1974 versum
803 1935 967 1984 tribuit,
996 1950 1127 1988 quem
1148 1933 1416 1987 Hephaestio
1438 1948 1479 1985 p.
1503 1940 1566 1978 50.

172 2022 274 2064 post
311 2011 428 2050 hunc
462 2014 603 2064 ipsum
636 2016 783 2066 paucis
820 2011 884 2052 his
917 2015 1151 2053 interiectis
1180 2013 1343 2053 adfert:
1386 2009 1567 2049 Γίνεται

173 2083 219 2126 δὲ
258 2083 280 2127 ὁ
325 2082 582 2138 τελευταῖος
620 2087 698 2142 τῆς
736 2085 1023 2144 τετραποδίας
1061 2085 1131 2128 διὰ
1167 2085 1248 2142 τὴν
1295 2083 1364 2130 ἐπὶ
1408 2083 1566 2140 τέλους

171 2160 435 2219 ἀδιαφορίαν
468 2162 543 2206 καὶ
575 2166 802 2220 κρητικός·
846 2162 934 2217 οἶός
964 2163 1048 2218 ἐςιν
1081 2155 1235 2215 οὗτος·

226 2232 315 2283 Καὶ
343 2240 514 2297 βήσσας
541 2241 675 2301 ὁρέων
706 2242 1061 2295 δυσπαιπάλους·
1100 2239 1187 2295 οἷος
1216 2232 1269 2298 ἧν
1298 2239 1372 2297 ἐφ’
1402 2238 1525 2299 ἥβης.

747 2477 988 2523 LXXVII.

171 2559 332 2610 Ἀλλά
354 2563 404 2625 μ’
426 2561 457 2612 ὁ
479 2563 769 2629 λυσιμελὴς,
802 2561 851 2612 αἶ
877 2562 1054 2635 ’ταῒρε,
1086 2561 1340 2627 δάμναται
1363 2562 1559 2623 Πόθος.

171 2709 354 2755 Verum
372 2724 452 2756 me
464 2712 620 2758 Amor
634 2712 856 2761 membra
875 2713 1094 2770 solvens,
1116 2729 1146 2759 o
1164 2709 1337 2766 amice,
1354 2705 1557 2771 SUbigit·
