1846 3308
816 285 885 294 ...-
954 265 1053 313 218
1121 283 1191 292 ...-

309 403 454 454 Atque
482 398 584 438 hinc
609 395 738 437 etiam
768 409 819 435 ex
839 405 933 436 toto
962 397 1008 435 in
1029 405 1151 448 parte
1172 387 1466 449 μελάμπυγος
1484 395 1600 435 idem
1620 397 1696 448 qui

309 469 597 533 μελαινάετος
631 484 832 524 vocatur,
880 484 923 513 et
949 472 1066 513 hunc
1091 477 1231 525 ipsum
1260 472 1314 512 ab
1341 472 1696 513 Archilocho‘in-

310 551 472 605 telligi,
517 561 665 601 neque
703 547 906 586 translate
941 545 1011 586 hic
1047 545 1244 585 adhiberi
1283 545 1414 585 docet
1447 545 1696 586 scholiastes

309 627 417 668 haec
455 626 642 666 addens:
684 616 855 669 ’Άλλος
893 617 978 675 γὰρ
1029 618 1050 661 ὁ
1088 617 1339 677 πύγαργος,
1402 615 1544 669 ἄλλος
1581 617 1627 661 δὲ
1673 617 1696 661 ὁ

308 701 450 758 μέλας
485 697 612 748 ὅλος,
655 698 725 741 διὰ
757 698 892 741 τοῦτο
925 695 997 739 καὶ
1026 696 1324 753 μελάμπυγον
1358 694 1527 751 (καλεῖ
1555 696 1577 740 ὁ
1605 695 1698 755 ’Δρ-

308 777 507 836 χὶλοχος
519 781 551 832 ).
591 775 695 818 ἀλλ’
725 771 808 819 οὒκ
838 774 906 817 ἐπὶ
935 769 1120 825 τούτους
1149 774 1382 832 ἀναφέρων
1410 773 1595 824 θιάσους
1622 789 1698 816 κα-

308 855 515 914 τωμαδὸν
575 853 680 911 πρὸς
723 851 999 911 “Ηρακλέους
1057 851 1325 911 φερομένους
1380 850 1460 902 τὰς
1506 848 1591 895 ὑπὸ
1638 849 1698 894 τὰ

310 933 440 991 ἰσχία
471 928 608 975 αὐτοῦ
640 931 923 989 καταμαθεῖν
954 928 1121 987 πυγὰς,
1161 928 1235 971 καὶ
1264 927 1539 985 γελάσαντας
1576 925 1696 973 οὕτω

310 1011 469 1068 τυχεῖν
499 1008 734 1066 σωτηρίας·
781 1007 907 1051 ἀλλὰ
943 1007 1045 1065 πρὸς
1074 1005 1152 1049 τὸν
1180 1003 1410 1065 πύγαργοι)
1437 1006 1564 1050 ἀετὸν
1594 1020 1698 1062 συγ·

309 1089 466 1145 κρίνων
497 1085 708 1144 καρτερὸν
737 1081 830 1130 εἶπε
860 1086 937 1130 τὸν
966 1083 1277 1142 μελάμπυγον.
1303 1089 1417 1128 Vide
1441 1089 1592 1143 fragm.
1612 1089 1696 1135 165.

308 1168 411 1207 Non
438 1168 569 1220 igitur
593 1164 872 1216 proverbium
899 1163 968 1204 hic
993 1163 1240 1215 respicitur,
1286 1161 1408 1214 quod
1435 1175 1485 1200 ex
1511 1160 1597 1201 hoc
1620 1162 1700 1200 Ar·

311 1237 498 1279 chilochi
532 1238 633 1278 loco
670 1241 886 1292 originem
919 1238 1033 1277 forte
1061 1235 1228 1275 duxisse
1254 1243 1423 1285 potest,
1465 1247 1559 1273 non
1592 1247 1697 1274 vero

312 1316 368 1356 ad
395 1315 608 1368 aquilam,
645 1315 724 1355 sed
752 1316 808 1354 ad
834 1314 1069 1355 Herculem
1096 1306 1394 1365 μελάμπυγον
1420 1311 1699 1351 τθῖθτθῐιᾶιιηι

312 1404 389 1434 est.
441 1391 627 1447 Hesych.
657 1388 716 1445 μή
746 1405 822 1432 τευ
849 1383 1150 1448 μελαμπὺγου
1180 1385 1359 1442 τύχοις·
1396 1382 1457 1443 μή
1487 1398 1599 1435 τινος
1629 1383 1700 1425 ἄν·

310 1466 449 1524 &eston
489 1464 563 1509 καὶ
594 1466 782 1524 ἰσχυροῦ
811 1462 982 1524 τύχοις.
1044 1469 1166 1509 Idem
1199 1482 1237 1506 v.
1266 1460 1582 1519 μελάμπυγος·
1630 1461 1701 1504 ἂν·

311 1545 456 1603 δρεῖος.
497 1542 600 1594 τοὺς
639 1542 724 1600 γὰρ
756 1543 896 1596 δασεῖς
926 1545 1002 1596 τὰς
1044 1540 1187 1598 πυγὰς
1228 1540 1442 1600 ἂνδρείους
1484 1538 1696 1598 ἐνόμιζον.

308 1627 424 1666 Vide
464 1629 594 1666 etiam
629 1627 807 1666 Suidam
841 1641 879 1666 v.
922 1620 983 1678 μὴ
1027 1619 1135 1677 σύγε
1177 1617 1480 1676 μελαμπύγου
1526 1615 1697 1674 τύχοις.

308 1700 469 1740 Erasm.
504 1702 552 1738 in
589 1699 711 1753 adag.
749 1700 816 1738 Ne
849 1702 897 1738 in
923 1697 1199 1752 Melampyga
1226 1695 1405 1736 incidas.
1465 1696 1699 1735 Historiam

311 1772 367 1812 de
395 1771 585 1812 Hercule
611 1772 889 1827 Melampygo
918 1771 1050 1812 habet
1074 1773 1271 1815 Eudocia
1292 1769 1408 1810 Viol.
1435 1782 1480 1821 p.
1499 1771 1564 1820 47.

949 2018 1068 2064 CVI.

579 2113 768 2164 ’Άιδων
803 2112 884 2164 ὑπ’
914 2111 1220 2183 αὑλητῆρος.

591 2285 786 2329 Canens
823 2281 886 2328 ad
921 2279 1193 2328 tibicinem.

409 2446 629 2488 Scholiast.
656 2447 873 2500 Aristoph.
899 2443 1017 2500 Ὀρν.
1052 2461 1091 2485 v.
1121 2447 1230 2497 1426.
1268 2448 1345 2498 qui
1371 2443 1553 2484 Hesiodi
1589 2454 1701 2495 quo·

312 2539 399 2579 que
419 2539 588 2566 versum
608 2534 657 2566 ut
687 2526 930 2577 exemplum
952 2524 1077 2565 huius
1103 2525 1338 2563 locutionis
1360 2522 1537 2562 adducit
1571 2513 1698 2558 Ἀσπ.

309 2618 345 2644 v.
368 2610 454 2650 283.
484 2599 554 2642 τοί
589 2614 640 2655 γε
668 2598 748 2656 μὲν
787 2590 849 2641 αὖ
874 2597 1115 2654 γελόωντες
1153 2594 1222 2640 ὑπ’
1261 2590 1508 2653 αὔλητῆρος
1548 2591 1702 2646 ἕκαςος

310 2676 480 2733 Πρόσ9’
532 2672 662 2719 ἔκιον.
700 2680 775 2721 ubi
817 2691 966 2721 tamen
1010 2681 1224 2721 editiones
1260 2678 1444 2719 Hesiodi
1481 2665 1700 2727 αὐλητῆρι

312 2753 508 2801 habent,v
553 2756 664 2794 sicut
698 2757 827 2795 etiam
870 2769 909 2795 v.
952 2766 1039 2806 299.
1086 2752 1204 2793 idem
1254 2753 1420 2792 dativus
1465 2751 1698 2790 invenitur.
