1846 3308
820 273 1194 315 ——106—

306 403 437 440 etiam
459 394 630 443 κυκεὼν
657 401 833 443 dicitur:
861 399 935 442 ’Ev
954 401 1024 457 τῷ
1048 401 1104 461 ῥά
1126 403 1209 459 σφι
1237 401 1401 462 κύκησε
1421 408 1531 464 ’γυνὴ
1552 410 1696 454 εἰκυῖα

303 476 457 531 θεῇσιν
480 472 596 530 Οῗνςυ
626 475 873 533 Πραμνείῳ.
918 482 973 522 de
998 483 1110 524 lacte
1137 484 1186 525 11.
1219 498 1251 525 ε.
1277 495 1368 538 903,
1395 484 1522 541 μάλα
1541 486 1575 529 δ’
1598 480 1695 532 ὦκα

303 552 612 611 περιςρὲφεται
638 553 869 602 κυκόωντι.
938 561 1052 602 Hinc
1089 562 1367 614 perturbare,
1416 566 1487 606 vel
1522 580 1695 610 contur-

304 634 434 684 bare,
481 635 603 689 quod
629 637 834 691 agitando
874 636 945 686 fit,
984 621 1053 678 ‘de
1079 640 1206 679 undis
1232 638 1351 681 fluvii
1376 642 1426 685 Il.
1456 640 1508 694 Φ.
1537 659 1576 684 v.
1605 650 1692 698 240.

302 708 455 752 Δεινόν
487 707 520 751 δ’
548 708 660 766 ἄμφ’
690 709 886 767 Ἀχιλῆα
915 712 1170 773 κυκώμενον
1199 713 1321 767 ἵςατο
1352 715 1486 772 κῦμα.
1523 731 1566 761 et
1586 721 1692 761 ibid.

300 800 338 825 v.
364 792 447 833 135.
478 786 531 825 de
548 789 670 834 mari,
697 789 815 826 cuius
839 790 1082 842 exemplum
1101 791 1253 832 Iacobs
1276 806 1326 832 ex
1343 794 1525 848 Longin.
1553 795 1601 834 C.
1620 794 1693 834 III.

300 866 453 906 adfert.
466 863 735 904 Theodoricl.
755 869 959 921 epigram.
976 867 1102 913 Anal.
1121 870 1234 915 1111.
1250 875 1367 923 p.l41.
1387 865 1488 913 ‘Tw’
1510 867 1693 924 Ὠρίωνι

298 936 506 995 κυκηθεὶς
526 938 709 989 Πόντος.
752 943 861 983 Inde
881 945 935 984 de
955 945 1046 985 aliis
1064 945 1193 986 rebus
1214 946 1458 988 adhibetur.
1476 949 1525 988 Il.
1546 959 1585 987 σ.
1603 961 1691 1000 229.

299 1022 352 1061 de
376 1019 691 1075 pugnantibus:
721 1016 823 1073 Τρὶς
862 1018 896 1060 δ’
933 1017 1213 1076 ἐκυκήθησαν
1257 1021 1406 1078 Τρῶες
1444 1020 1615 1065 κλειτοί
1649 1021 1692 1065 τ’

298 1095 530 1152 ἐπίκουροι.
560 1099 614 1139 de
639 1103 760 1153 equis
780 1101 829 1140 ΙΙ.
859 1112 896 1139 υ.
924 1115 962 1140 ν.
983 1106 1072 1153 489.
1101 1096 1361 1155 κυκήθησαν
1399 1097 1444 1141 δέ
1473 1100 1512 1142 οἱ
1551 1098 1688 1143 ἵπποι,

298 1190 340 1219 et
367 1174 410 1217 λ.
438 1194 476 1218 ν.
501 1192 585 1230 129.
656 1180 854 1219 Tandem
884 1180 1138 1219 transfertur
1168 1179 1223 1218 ad
1253 1180 1428 1221 morbos
1459 1196 1688 1236 curasque,

298 1252 455 1305 quibus
487 1265 642 1303 corpus
672 1263 715 1291 et
745 1255 909 1292 animus
939 1252 1229 1305 perturbatur.
1250 1254 1505 1307 Exemplum
1533 1259 1689 1308 priorIS

295 1329 586 1372 translationis
613 1328 753 1374 adfert
769 1328 922 1371 Iacobs
947 1329 975 1368 l.
1001 1343 1036 1369 c.
1065 1343 1114 1375 ex
1131 1329 1319 1370 Solone:
1347 1325 1425 1374 τὸν
1457 1326 1501 1371 δὲ
1531 1329 1688 1383 κακαῖς

294 1405 457 1447 νόσοισι
497 1401 780 1458 κυκώμενονς
814 1409 1065 1459 posterioris
1094 1420 1197 1448 vero
1228 1406 1300 1448 hio
1333 1410 1429 1461 ipse
1460 1408 1583 1451 locus
1619 1424 1689 1451 ex-

294 1482 485 1535 emplum
507 1491 584 1520 est.

393 1560 448 1597 V.
472 1571 507 1596 2.
534 1549 746 1610 ’'Avsxs.
800 1559 971 1599 Gesner
993 1553 1196 1598 Ἐνάδευε
1224 1562 1272 1599 in
1305 1559 1447 1599 Grotii
1478 1561 1573 1600 cod.
1602 1557 1688 1600 ἂνὰ

293 1633 339 1676 δὲ
368 1621 432 1675 εὖ.
486 1635 573 1675 Sed
595 1635 714 1675 aliud
735 1635 841 1688 quid
866 1637 1001 1678 latere
1019 1641 1259 1691 suspicatur
1276 1638 1428 1679 Iacobs
1447 1638 1533 1679 l..c.
1555 1654 1687 1693 quam.

290 1707 442 1767 ἄνεχε,
474 1711 596 1766 quod
614 1714 890 1752 coniecturae
903 1714 1086 1754 Gesneri
1104 1713 1265 1754 tribuit.
1299 1714 1522 1767 Improbat
1539 1726 1686 1758 tamen

291 1792 421 1828 etiam
490 1787 807 1825 correctionem
868 1786 1024 1840 Ilgenii
1088 1787 1225 1838 (Scol.
1285 1787 1438 1827 GraeC.
1499 1802 1542 1842 p.
1597 1797 1682 1844 189.

287 1879 332 1905 n.
353 1863 579 1914 XXXVI.)
598 1853 765 1914 ’Έναγε
792 1859 1002 1916 legentis,
1031 1867 1131 1917 quia
1150 1862 1431 1917 significatio,
1459 1880 1588 1920 quam
1613 1866 1683 1907 hic

286 1939 376 1983 loci
397 1941 487 1981 eius
516 1949 608 1975 esse
631 1935 742 1984 vult,
790 1936 993 1989 exempfis
1017 1950 1111 1976 non
1140 1936 1375 1982 stabilitum
1411 1950 1558 1990 neque
1577 1940 1682 1979 Pur-

287 2009 410 2065 goldi
428 2008 725 2049 emendationi
746 2008 985 2058 (Observat.
1009 2009 1110 2048 Crit.
1132 2022 1176 2062 p.
1197 2010 1300 2063 292.)
1328 2014 1574 2063 acquiescit,
1605 2016 1681 2067 qui

287 2098 337 2122 ex
358 2092 559 2134 corrupta
579 2083 770 2122 lectione
791 2082 899 2122 haec
919 2085 1049 2121 eruit:

340 2155 582 2213 Δυσμενοῖς
623 2154 836 2209 suanam,
895 2152 1168 2213 προσβαλὼν
1212 2154 1246 2198 δ’
1288 2149 1450 2206 ἀλέξεο
1490 2156 1677 2203 ’ναντὶον
1743 2185 1751 2190 -

1114 2237 1185 2276 vel
1211 2232 1374 2276 ἀντίον.

282 2316 394 2354 Nam
418 2315 568 2354 durior
586 2323 628 2353 et
646 2314 880 2353 violentior
898 2309 1006 2350 haec
1026 2309 1274 2349 emendatio
1297 2320 1373 2350 est.
1424 2310 1536 2353 Mihi
1558 2313 1678 2353 vide*

281 2399 353 2428 tur
373 2391 583 2440 corruptis
614 2387 696 2425 illis
728 2383 983 2425 lectionibus
1005 2385 1254 2422 interiectio
1283 2386 1371 2423 sive
1399 2383 1581 2425 formula
1602 2387 1677 2426 ad-

283 2461 487 2502 hortandi
505 2460 694 2507 subesse,
726 2471 811 2511 qua
829 2466 962 2509 poeta
981 2458 1172 2496 animum
1189 2455 1245 2495 ad
1263 2455 1434 2496 fortiter
1452 2458 1677 2509 perferen-

282 2539 388 2578 dum
420 2540 587 2578 excitat.
649 2538 764 2576 Hinc
790 2536 971 2576 forsitan
997 2533 1235 2586 legendum
1262 2536 1317 2572 sit
1339 2533 1408 2572 vel
1427 2525 1555 2586 ’Άγε
1601 2531 1673 2588 δή.

284 2617 413 2655 Hom.
444 2615 494 2655 Il.
537 2626 577 2652 α.
615 2616 678 2655 62.
717 2607 845 2651 Ἀλλ’
893 2603 977 2664 ἄγε
1020 2605 1069 2662 δή
1121 2620 1221 2648 τινα
1260 2605 1419 2663 μάντιν
1468 2607 1672 2666 ἐρείομεν.

279 2691 479 2746 Aeschyl.
498 2692 621 2731 Eum.
644 2698 732 2739 502.
751 2683 863 2743 ’Ἄγε
890 2684 939 2742 δὴ
961 2683 1035 2727 καὶ
1057 2682 1195 2741 χορὸν
1220 2679 1425 2742 ἅψωμεν.
1452 2690 1671 2743 Aristoph.

270 2762 391 2824 '‘Opv.
414 2761 635 2821 454.”Αγε
672 2763 720 2819 53,
762 2761 812 2807 σῖ)
853 2763 927 2808 καὶ
965 2762 1016 2806 σὺ
1048 2762 1129 2821 τὴν
1168 2762 1420 2808 πανοπλίαν
1457 2779 1498 2806 κ.
1538 2779 1579 2807 τ.
1623 2761 1668 2806 λ.
